[
	{
		"nombre": "navigate Dollar",
		"idJuego": 1,
		"desarrollador": "Skybound",
		"fechaLanzamiento": "2017-12-19T21:00:19.527Z",
		"leadDesigner": {
			"firstName": "Euna",
			"lastName": "Schmidt"
		},
		"sales": 21043216,
		"genre": "Fighting",
		"description": "Shirt"
	},
	{
		"nombre": "protocol e-business Planner",
		"idJuego": 2,
		"desarrollador": "Skybound",
		"fechaLanzamiento": "2015-03-30T19:57:05.007Z",
		"leadDesigner": {
			"firstName": "Dariana",
			"lastName": "Hackett"
		},
		"sales": 7360727,
		"genre": "Platformer",
		"description": "Chair"
	},
	{
		"nombre": "Card",
		"idJuego": 3,
		"desarrollador": "2kGames",
		"fechaLanzamiento": "2017-01-29T15:07:59.550Z",
		"leadDesigner": {
			"firstName": "Jaden",
			"lastName": "Hackett"
		},
		"sales": 9131036,
		"genre": "RPG",
		"description": "calculating parsing"
	},
	{
		"nombre": "service-desk",
		"idJuego": 4,
		"desarrollador": "343 Industries",
		"fechaLanzamiento": "2019-05-10T09:53:34.984Z",
		"leadDesigner": {
			"firstName": "Jeanie",
			"lastName": "Schuster"
		},
		"sales": 24075288,
		"genre": "Adventure",
		"description": "Multi-tiered Division quantifying"
	},
	{
		"nombre": "virtual driver",
		"idJuego": 5,
		"desarrollador": "Infinity Ward",
		"fechaLanzamiento": "2022-07-14T01:44:39.171Z",
		"leadDesigner": {
			"firstName": "Elise",
			"lastName": "McKenzie"
		},
		"sales": 30464210,
		"genre": "Adventure",
		"description": "capacitor Chad"
	},
	{
		"nombre": "Avon application",
		"idJuego": 6,
		"desarrollador": "Telltale",
		"fechaLanzamiento": "2003-08-18T10:14:31.279Z",
		"leadDesigner": {
			"firstName": "Kenny",
			"lastName": "Johns"
		},
		"sales": 6771930,
		"genre": "Sandbox",
		"description": "Automotive alliance"
	},
	{
		"nombre": "Solomon Tools Account",
		"idJuego": 7,
		"desarrollador": "Telltale",
		"fechaLanzamiento": "2009-11-23T18:31:45.858Z",
		"leadDesigner": {
			"firstName": "Maynard",
			"lastName": "McGlynn"
		},
		"sales": 25442087,
		"genre": "MOBA",
		"description": "monitor"
	},
	{
		"nombre": "RSS Reverse-engineered Louisiana",
		"idJuego": 8,
		"desarrollador": "Telltale",
		"fechaLanzamiento": "1991-05-02T09:16:56.579Z",
		"leadDesigner": {
			"firstName": "Chester",
			"lastName": "Witting"
		},
		"sales": 17486911,
		"genre": "FPS",
		"description": "Graphic protocol"
	},
	{
		"nombre": "teal HDD experiences",
		"idJuego": 9,
		"desarrollador": "Bungie",
		"fechaLanzamiento": "1990-04-17T16:29:16.531Z",
		"leadDesigner": {
			"firstName": "Tyrel",
			"lastName": "Smith"
		},
		"sales": 25636595,
		"genre": "Adventure",
		"description": "Account Riel Station"
	},
	{
		"nombre": "East Ohio",
		"idJuego": 10,
		"desarrollador": "Bungie",
		"fechaLanzamiento": "2017-09-16T19:10:44.536Z",
		"leadDesigner": {
			"firstName": "Benjamin",
			"lastName": "O'Hara"
		},
		"sales": 16001448,
		"genre": "Racing",
		"description": "Ergonomic"
	},
	{
		"nombre": "Plastic syndicate Bedfordshire",
		"idJuego": 11,
		"desarrollador": "343 Industries",
		"fechaLanzamiento": "2023-09-12T21:57:27.904Z",
		"leadDesigner": {
			"firstName": "Rosalee",
			"lastName": "Lubowitz"
		},
		"sales": 17519777,
		"genre": "FPS",
		"description": "motivating Movies"
	},
	{
		"nombre": "grey Fresh",
		"idJuego": 12,
		"desarrollador": "Skybound",
		"fechaLanzamiento": "2004-05-16T02:35:16.233Z",
		"leadDesigner": {
			"firstName": "Haleigh",
			"lastName": "Torp"
		},
		"sales": 26421629,
		"genre": "FPS",
		"description": "frame backing holistic"
	},
	{
		"nombre": "Bypass payment Concrete",
		"idJuego": 13,
		"desarrollador": "Telltale",
		"fechaLanzamiento": "2001-01-29T01:20:28.735Z",
		"leadDesigner": {
			"firstName": "Adrianna",
			"lastName": "Turcotte"
		},
		"sales": 9015073,
		"genre": "Fighting",
		"description": "support Pants"
	},
	{
		"nombre": "infomediaries turquoise artificial",
		"idJuego": 14,
		"desarrollador": "Mojang",
		"fechaLanzamiento": "2000-11-05T06:58:14.078Z",
		"leadDesigner": {
			"firstName": "Angelita",
			"lastName": "Russel"
		},
		"sales": 27408999,
		"genre": "Sandbox",
		"description": "HTTP Books strategic"
	},
	{
		"nombre": "static Steel",
		"idJuego": 15,
		"desarrollador": "Skybound",
		"fechaLanzamiento": "2005-08-18T04:39:28.753Z",
		"leadDesigner": {
			"firstName": "Jamar",
			"lastName": "Feeney"
		},
		"sales": 3406938,
		"genre": "MOBA",
		"description": "Berkshire exploit"
	},
	{
		"nombre": "connecting Rubber",
		"idJuego": 16,
		"desarrollador": "Infinity Ward",
		"fechaLanzamiento": "1994-02-26T11:35:27.416Z",
		"leadDesigner": {
			"firstName": "Camila",
			"lastName": "Goyette"
		},
		"sales": 25797943,
		"genre": "RPG",
		"description": "Tuna"
	},
	{
		"nombre": "interface Quality-focused application",
		"idJuego": 17,
		"desarrollador": "2kGames",
		"fechaLanzamiento": "2004-01-26T09:02:06.124Z",
		"leadDesigner": {
			"firstName": "Annabel",
			"lastName": "Cummerata"
		},
		"sales": 25592509,
		"genre": "Platformer",
		"description": "Hills specifically"
	},
	{
		"nombre": "architect",
		"idJuego": 18,
		"desarrollador": "Bungie",
		"fechaLanzamiento": "1999-09-11T21:50:58.616Z",
		"leadDesigner": {
			"firstName": "Brianne",
			"lastName": "Little"
		},
		"sales": 10171303,
		"genre": "MOBA",
		"description": "paradigms wireless Dynamic"
	},
	{
		"nombre": "navigating input Directives",
		"idJuego": 19,
		"desarrollador": "2kGames",
		"fechaLanzamiento": "2018-12-28T09:52:13.800Z",
		"leadDesigner": {
			"firstName": "Kayleigh",
			"lastName": "Breitenberg"
		},
		"sales": 17124127,
		"genre": "Platformer",
		"description": "utilize Handmade"
	},
	{
		"nombre": "deposit",
		"idJuego": 20,
		"desarrollador": "2kGames",
		"fechaLanzamiento": "1999-09-02T07:59:31.737Z",
		"leadDesigner": {
			"firstName": "Destiny",
			"lastName": "Stroman"
		},
		"sales": 22952489,
		"genre": "FPS",
		"description": "Phased Dynamic orchestrate"
	},
	{
		"nombre": "Gorgeous Mountain end-to-end",
		"idJuego": 21,
		"desarrollador": "2kGames",
		"fechaLanzamiento": "2000-12-31T12:38:34.600Z",
		"leadDesigner": {
			"firstName": "Melany",
			"lastName": "Langworth"
		},
		"sales": 14476574,
		"genre": "Platformer",
		"description": "Plastic"
	},
	{
		"nombre": "Concrete Investor Berkshire",
		"idJuego": 22,
		"desarrollador": "343 Industries",
		"fechaLanzamiento": "2022-01-23T08:30:48.591Z",
		"leadDesigner": {
			"firstName": "Sam",
			"lastName": "Ward"
		},
		"sales": 26006785,
		"genre": "Racing",
		"description": "Frozen multi-byte Rustic"
	},
	{
		"nombre": "interface extensible e-markets",
		"idJuego": 23,
		"desarrollador": "Bungie",
		"fechaLanzamiento": "2015-07-27T01:25:02.502Z",
		"leadDesigner": {
			"firstName": "Lincoln",
			"lastName": "Reichert"
		},
		"sales": 5298747,
		"genre": "FPS",
		"description": "recontextualize User-centric Cambridgeshire"
	},
	{
		"nombre": "Concrete framework",
		"idJuego": 24,
		"desarrollador": "Ubisoft",
		"fechaLanzamiento": "2013-09-20T02:30:45.221Z",
		"leadDesigner": {
			"firstName": "Estelle",
			"lastName": "Labadie"
		},
		"sales": 26237066,
		"genre": "RPG",
		"description": "quantifying Licensed"
	},
	{
		"nombre": "Agent override payment",
		"idJuego": 25,
		"desarrollador": "Infinity Ward",
		"fechaLanzamiento": "2001-06-09T14:03:12.049Z",
		"leadDesigner": {
			"firstName": "Kyra",
			"lastName": "Grant"
		},
		"sales": 2922975,
		"genre": "Racing",
		"description": "Spurs"
	},
	{
		"nombre": "Shirt Borders infrastructures",
		"idJuego": 26,
		"desarrollador": "Mojang",
		"fechaLanzamiento": "2016-08-12T23:14:21.454Z",
		"leadDesigner": {
			"firstName": "Carroll",
			"lastName": "Pollich"
		},
		"sales": 25725111,
		"genre": "RPG",
		"description": "integrate"
	},
	{
		"nombre": "Data Shore",
		"idJuego": 27,
		"desarrollador": "Telltale",
		"fechaLanzamiento": "2006-12-01T13:23:48.871Z",
		"leadDesigner": {
			"firstName": "Tracey",
			"lastName": "Schinner"
		},
		"sales": 8547565,
		"genre": "Adventure",
		"description": "benchmark"
	},
	{
		"nombre": "AGP Industrial Wyoming",
		"idJuego": 28,
		"desarrollador": "Mojang",
		"fechaLanzamiento": "1991-06-07T03:02:43.602Z",
		"leadDesigner": {
			"firstName": "Bertram",
			"lastName": "Crooks"
		},
		"sales": 2349907,
		"genre": "FPS",
		"description": "Operations"
	},
	{
		"nombre": "ADP",
		"idJuego": 29,
		"desarrollador": "2kGames",
		"fechaLanzamiento": "2002-05-30T22:35:21.962Z",
		"leadDesigner": {
			"firstName": "Eloy",
			"lastName": "Howe"
		},
		"sales": 27879021,
		"genre": "MOBA",
		"description": "Developer Credit"
	},
	{
		"nombre": "Table system Investor",
		"idJuego": 30,
		"desarrollador": "Ubisoft",
		"fechaLanzamiento": "2023-06-22T18:31:43.793Z",
		"leadDesigner": {
			"firstName": "Estevan",
			"lastName": "Rempel"
		},
		"sales": 19204220,
		"genre": "MOBA",
		"description": "Bedfordshire Lead Ways"
	},
	{
		"nombre": "leading-edge",
		"idJuego": 31,
		"desarrollador": "Mojang",
		"fechaLanzamiento": "2009-01-30T13:38:15.734Z",
		"leadDesigner": {
			"firstName": "Tomasa",
			"lastName": "Zulauf"
		},
		"sales": 10566312,
		"genre": "RPG",
		"description": "Sports neural"
	},
	{
		"nombre": "online",
		"idJuego": 32,
		"desarrollador": "Skybound",
		"fechaLanzamiento": "2009-06-10T09:39:11.679Z",
		"leadDesigner": {
			"firstName": "Cathrine",
			"lastName": "McCullough"
		},
		"sales": 22897156,
		"genre": "Platformer",
		"description": "benchmark"
	},
	{
		"nombre": "reinvent York",
		"idJuego": 33,
		"desarrollador": "Telltale",
		"fechaLanzamiento": "2019-09-06T19:37:12.103Z",
		"leadDesigner": {
			"firstName": "Elizabeth",
			"lastName": "Rau"
		},
		"sales": 17473643,
		"genre": "Platformer",
		"description": "Bedfordshire Micronesia"
	},
	{
		"nombre": "Cross-platform SQL",
		"idJuego": 34,
		"desarrollador": "Bungie",
		"fechaLanzamiento": "2017-05-11T12:34:45.970Z",
		"leadDesigner": {
			"firstName": "Citlalli",
			"lastName": "Kuphal"
		},
		"sales": 5329125,
		"genre": "MOBA",
		"description": "hack Washington"
	},
	{
		"nombre": "online",
		"idJuego": 35,
		"desarrollador": "Ubisoft",
		"fechaLanzamiento": "1998-07-30T02:23:33.305Z",
		"leadDesigner": {
			"firstName": "Tia",
			"lastName": "Hirthe"
		},
		"sales": 28376094,
		"genre": "Fighting",
		"description": "Keyboard"
	},
	{
		"nombre": "Web",
		"idJuego": 36,
		"desarrollador": "Skybound",
		"fechaLanzamiento": "1987-08-21T02:45:15.727Z",
		"leadDesigner": {
			"firstName": "Baby",
			"lastName": "Bahringer"
		},
		"sales": 12676785,
		"genre": "RPG",
		"description": "Assistant Bedfordshire Account"
	},
	{
		"nombre": "Michigan Profit-focused collaborative",
		"idJuego": 37,
		"desarrollador": "Ubisoft",
		"fechaLanzamiento": "1989-03-16T22:46:19.390Z",
		"leadDesigner": {
			"firstName": "Nayeli",
			"lastName": "Torp"
		},
		"sales": 1757742,
		"genre": "MOBA",
		"description": "monitor Burg empowering"
	},
	{
		"nombre": "International Vermont Loan",
		"idJuego": 38,
		"desarrollador": "2kGames",
		"fechaLanzamiento": "1997-06-10T08:28:04.100Z",
		"leadDesigner": {
			"firstName": "Antonina",
			"lastName": "Torphy"
		},
		"sales": 14738443,
		"genre": "Adventure",
		"description": "Checking"
	},
	{
		"nombre": "green Rubber",
		"idJuego": 39,
		"desarrollador": "Mojang",
		"fechaLanzamiento": "1991-02-15T12:25:58.223Z",
		"leadDesigner": {
			"firstName": "Angel",
			"lastName": "Macejkovic"
		},
		"sales": 2702686,
		"genre": "Platformer",
		"description": "Berkshire"
	},
	{
		"nombre": "mint",
		"idJuego": 40,
		"desarrollador": "Ubisoft",
		"fechaLanzamiento": "2024-11-13T21:46:24.061Z",
		"leadDesigner": {
			"firstName": "Thalia",
			"lastName": "Kuvalis"
		},
		"sales": 9704718,
		"genre": "FPS",
		"description": "deposit"
	},
	{
		"nombre": "Heights",
		"idJuego": 41,
		"desarrollador": "Ubisoft",
		"fechaLanzamiento": "2015-02-17T19:22:17.728Z",
		"leadDesigner": {
			"firstName": "Salvatore",
			"lastName": "Torp"
		},
		"sales": 26484994,
		"genre": "MOBA",
		"description": "Technician Marketing Salad"
	},
	{
		"nombre": "platforms Cote Internal",
		"idJuego": 42,
		"desarrollador": "Mojang",
		"fechaLanzamiento": "1994-10-12T16:14:16.973Z",
		"leadDesigner": {
			"firstName": "Augusta",
			"lastName": "Feest"
		},
		"sales": 16155961,
		"genre": "Fighting",
		"description": "blockchains"
	},
	{
		"nombre": "Profit-focused Connecticut",
		"idJuego": 43,
		"desarrollador": "Ubisoft",
		"fechaLanzamiento": "2006-09-15T19:57:50.355Z",
		"leadDesigner": {
			"firstName": "Kirstin",
			"lastName": "Nader"
		},
		"sales": 22476299,
		"genre": "RPG",
		"description": "copying"
	},
	{
		"nombre": "optical Chair Fantastic",
		"idJuego": 44,
		"desarrollador": "Infinity Ward",
		"fechaLanzamiento": "2010-02-03T11:02:22.090Z",
		"leadDesigner": {
			"firstName": "Ludie",
			"lastName": "Rice"
		},
		"sales": 23793981,
		"genre": "Adventure",
		"description": "Savings"
	},
	{
		"nombre": "Rubber",
		"idJuego": 45,
		"desarrollador": "Telltale",
		"fechaLanzamiento": "1989-06-14T23:14:39.919Z",
		"leadDesigner": {
			"firstName": "Emie",
			"lastName": "Gerhold"
		},
		"sales": 24780216,
		"genre": "FPS",
		"description": "synergistic"
	},
	{
		"nombre": "Electronics Car",
		"idJuego": 46,
		"desarrollador": "Bungie",
		"fechaLanzamiento": "1987-02-02T08:56:02.207Z",
		"leadDesigner": {
			"firstName": "Barton",
			"lastName": "Jones"
		},
		"sales": 10484218,
		"genre": "Fighting",
		"description": "Usability"
	},
	{
		"nombre": "action-items Diverse",
		"idJuego": 47,
		"desarrollador": "Infinity Ward",
		"fechaLanzamiento": "2018-09-19T09:59:19.662Z",
		"leadDesigner": {
			"firstName": "Hillary",
			"lastName": "Rolfson"
		},
		"sales": 22248758,
		"genre": "Platformer",
		"description": "Tennessee Investment"
	},
	{
		"nombre": "end-to-end methodical Belgium",
		"idJuego": 48,
		"desarrollador": "Mojang",
		"fechaLanzamiento": "2018-03-02T20:39:54.063Z",
		"leadDesigner": {
			"firstName": "Marilie",
			"lastName": "Ebert"
		},
		"sales": 2980436,
		"genre": "FPS",
		"description": "enterprise quantify Pound"
	},
	{
		"nombre": "front-end Concrete",
		"idJuego": 49,
		"desarrollador": "Mojang",
		"fechaLanzamiento": "1995-11-19T06:43:39.424Z",
		"leadDesigner": {
			"firstName": "Zula",
			"lastName": "Murray"
		},
		"sales": 10190171,
		"genre": "RPG",
		"description": "Account Assurance withdrawal"
	},
	{
		"nombre": "communities invoice",
		"idJuego": 50,
		"desarrollador": "Bungie",
		"fechaLanzamiento": "2009-02-16T12:07:28.744Z",
		"leadDesigner": {
			"firstName": "Grover",
			"lastName": "Dicki"
		},
		"sales": 29878499,
		"genre": "Fighting",
		"description": "Account users Sausages"
	},
	{
		"nombre": "calculate deliverables",
		"idJuego": 51,
		"desarrollador": "Mojang",
		"fechaLanzamiento": "2001-12-08T02:16:02.272Z",
		"leadDesigner": {
			"firstName": "Cortney",
			"lastName": "Kutch"
		},
		"sales": 8303682,
		"genre": "Fighting",
		"description": "Senior workforce"
	},
	{
		"nombre": "Checking functionalities",
		"idJuego": 52,
		"desarrollador": "Infinity Ward",
		"fechaLanzamiento": "2012-07-27T06:24:13.531Z",
		"leadDesigner": {
			"firstName": "Coleman",
			"lastName": "Hagenes"
		},
		"sales": 22275731,
		"genre": "MOBA",
		"description": "Hollow red deposit"
	},
	{
		"nombre": "XML",
		"idJuego": 53,
		"desarrollador": "Mojang",
		"fechaLanzamiento": "1991-06-16T14:55:45.924Z",
		"leadDesigner": {
			"firstName": "Jacinto",
			"lastName": "Boyle"
		},
		"sales": 19866378,
		"genre": "FPS",
		"description": "Optimized AGP"
	},
	{
		"nombre": "AGP",
		"idJuego": 54,
		"desarrollador": "343 Industries",
		"fechaLanzamiento": "1993-06-29T17:20:06.749Z",
		"leadDesigner": {
			"firstName": "Sydnie",
			"lastName": "Homenick"
		},
		"sales": 7504394,
		"genre": "RPG",
		"description": "ADP interface"
	},
	{
		"nombre": "Gambia",
		"idJuego": 55,
		"desarrollador": "343 Industries",
		"fechaLanzamiento": "2002-02-03T20:07:06.315Z",
		"leadDesigner": {
			"firstName": "Lane",
			"lastName": "Hickle"
		},
		"sales": 8771884,
		"genre": "Sandbox",
		"description": "West hack structure"
	},
	{
		"nombre": "infrastructures Jewelery",
		"idJuego": 56,
		"desarrollador": "Mojang",
		"fechaLanzamiento": "1992-02-16T08:42:41.213Z",
		"leadDesigner": {
			"firstName": "Melba",
			"lastName": "Haley"
		},
		"sales": 29060716,
		"genre": "FPS",
		"description": "AGP alarm discrete"
	},
	{
		"nombre": "Metrics",
		"idJuego": 57,
		"desarrollador": "343 Industries",
		"fechaLanzamiento": "2006-06-24T00:13:51.519Z",
		"leadDesigner": {
			"firstName": "Sydnee",
			"lastName": "Goldner"
		},
		"sales": 1287305,
		"genre": "RPG",
		"description": "Borders revolutionize"
	},
	{
		"nombre": "Portugal Auto communities",
		"idJuego": 58,
		"desarrollador": "Ubisoft",
		"fechaLanzamiento": "1991-07-26T02:30:09.872Z",
		"leadDesigner": {
			"firstName": "Issac",
			"lastName": "Nikolaus"
		},
		"sales": 2949499,
		"genre": "Racing",
		"description": "Wooden Tasty"
	},
	{
		"nombre": "bypassing",
		"idJuego": 59,
		"desarrollador": "Telltale",
		"fechaLanzamiento": "2017-03-20T03:56:14.983Z",
		"leadDesigner": {
			"firstName": "Evelyn",
			"lastName": "Haley"
		},
		"sales": 14370292,
		"genre": "Fighting",
		"description": "West cross-platform"
	},
	{
		"nombre": "grid-enabled",
		"idJuego": 60,
		"desarrollador": "Ubisoft",
		"fechaLanzamiento": "2008-04-30T02:49:48.113Z",
		"leadDesigner": {
			"firstName": "Damien",
			"lastName": "Farrell"
		},
		"sales": 4168030,
		"genre": "FPS",
		"description": "web-enabled"
	},
	{
		"nombre": "Shoes New",
		"idJuego": 61,
		"desarrollador": "2kGames",
		"fechaLanzamiento": "1999-01-04T21:25:40.292Z",
		"leadDesigner": {
			"firstName": "Nolan",
			"lastName": "Bailey"
		},
		"sales": 14578587,
		"genre": "FPS",
		"description": "Tuna Operations Markets"
	},
	{
		"nombre": "Progressive bus Somali",
		"idJuego": 62,
		"desarrollador": "Telltale",
		"fechaLanzamiento": "2002-02-07T14:29:46.989Z",
		"leadDesigner": {
			"firstName": "Norbert",
			"lastName": "Zboncak"
		},
		"sales": 7934968,
		"genre": "RPG",
		"description": "up Keyboard Keys"
	},
	{
		"nombre": "bleeding-edge Pizza",
		"idJuego": 63,
		"desarrollador": "Infinity Ward",
		"fechaLanzamiento": "2018-09-17T18:27:37.936Z",
		"leadDesigner": {
			"firstName": "Hollis",
			"lastName": "Hackett"
		},
		"sales": 15187531,
		"genre": "Platformer",
		"description": "IB back"
	},
	{
		"nombre": "Face Chief",
		"idJuego": 64,
		"desarrollador": "2kGames",
		"fechaLanzamiento": "2022-03-31T03:45:58.517Z",
		"leadDesigner": {
			"firstName": "Zaria",
			"lastName": "Schaefer"
		},
		"sales": 5336402,
		"genre": "Sandbox",
		"description": "Forward"
	},
	{
		"nombre": "Frozen",
		"idJuego": 65,
		"desarrollador": "Bungie",
		"fechaLanzamiento": "2018-11-21T22:30:24.251Z",
		"leadDesigner": {
			"firstName": "Berneice",
			"lastName": "Barton"
		},
		"sales": 23840562,
		"genre": "Fighting",
		"description": "Electronics"
	},
	{
		"nombre": "Sausages USB systemic",
		"idJuego": 66,
		"desarrollador": "Infinity Ward",
		"fechaLanzamiento": "2012-07-06T18:12:40.879Z",
		"leadDesigner": {
			"firstName": "Edgar",
			"lastName": "Mueller"
		},
		"sales": 2706476,
		"genre": "MOBA",
		"description": "back-end Handmade index"
	},
	{
		"nombre": "Computers",
		"idJuego": 67,
		"desarrollador": "Mojang",
		"fechaLanzamiento": "1989-09-07T12:37:42.075Z",
		"leadDesigner": {
			"firstName": "Grover",
			"lastName": "Hayes"
		},
		"sales": 14817701,
		"genre": "Sandbox",
		"description": "Granite"
	},
	{
		"nombre": "Nevis Chair Berkshire",
		"idJuego": 68,
		"desarrollador": "Bungie",
		"fechaLanzamiento": "2011-04-19T05:59:45.291Z",
		"leadDesigner": {
			"firstName": "Hilton",
			"lastName": "Hauck"
		},
		"sales": 18880333,
		"genre": "Adventure",
		"description": "Metal"
	},
	{
		"nombre": "deposit",
		"idJuego": 69,
		"desarrollador": "343 Industries",
		"fechaLanzamiento": "2024-03-16T16:14:33.214Z",
		"leadDesigner": {
			"firstName": "Kasey",
			"lastName": "Ullrich"
		},
		"sales": 22551802,
		"genre": "RPG",
		"description": "application"
	},
	{
		"nombre": "multi-byte",
		"idJuego": 70,
		"desarrollador": "Infinity Ward",
		"fechaLanzamiento": "2008-05-19T01:05:02.855Z",
		"leadDesigner": {
			"firstName": "Stanford",
			"lastName": "Beahan"
		},
		"sales": 2659921,
		"genre": "Racing",
		"description": "Account Avenue SQL"
	},
	{
		"nombre": "array",
		"idJuego": 71,
		"desarrollador": "Ubisoft",
		"fechaLanzamiento": "1986-12-12T04:13:53.686Z",
		"leadDesigner": {
			"firstName": "Kendall",
			"lastName": "Padberg"
		},
		"sales": 16451404,
		"genre": "Adventure",
		"description": "Gorgeous Frozen"
	},
	{
		"nombre": "Bolivia",
		"idJuego": 72,
		"desarrollador": "Telltale",
		"fechaLanzamiento": "2014-07-24T18:44:17.140Z",
		"leadDesigner": {
			"firstName": "Hans",
			"lastName": "Sauer"
		},
		"sales": 29195408,
		"genre": "Racing",
		"description": "Supervisor De-engineered set"
	},
	{
		"nombre": "generate",
		"idJuego": 73,
		"desarrollador": "Infinity Ward",
		"fechaLanzamiento": "2010-03-22T13:50:03.498Z",
		"leadDesigner": {
			"firstName": "Will",
			"lastName": "Langosh"
		},
		"sales": 6825655,
		"genre": "FPS",
		"description": "Pound Assistant"
	},
	{
		"nombre": "Loan orchid",
		"idJuego": 74,
		"desarrollador": "Mojang",
		"fechaLanzamiento": "1993-06-01T10:22:47.345Z",
		"leadDesigner": {
			"firstName": "Gardner",
			"lastName": "Schuppe"
		},
		"sales": 17482377,
		"genre": "RPG",
		"description": "SSL"
	},
	{
		"nombre": "Producer Cotton gold",
		"idJuego": 75,
		"desarrollador": "Telltale",
		"fechaLanzamiento": "2007-06-10T16:48:41.862Z",
		"leadDesigner": {
			"firstName": "Malika",
			"lastName": "Gerhold"
		},
		"sales": 21622930,
		"genre": "Adventure",
		"description": "engine"
	},
	{
		"nombre": "turquoise website",
		"idJuego": 76,
		"desarrollador": "Ubisoft",
		"fechaLanzamiento": "1995-03-25T10:48:24.459Z",
		"leadDesigner": {
			"firstName": "Serenity",
			"lastName": "Hayes"
		},
		"sales": 20073671,
		"genre": "Racing",
		"description": "Quality well-modulated"
	},
	{
		"nombre": "hack hardware Tools",
		"idJuego": 77,
		"desarrollador": "Ubisoft",
		"fechaLanzamiento": "2004-04-28T08:16:43.917Z",
		"leadDesigner": {
			"firstName": "Lilla",
			"lastName": "Wehner"
		},
		"sales": 19658791,
		"genre": "Racing",
		"description": "Intelligent"
	},
	{
		"nombre": "Borders",
		"idJuego": 78,
		"desarrollador": "Mojang",
		"fechaLanzamiento": "2011-09-14T12:06:43.284Z",
		"leadDesigner": {
			"firstName": "Richie",
			"lastName": "Quigley"
		},
		"sales": 4583250,
		"genre": "RPG",
		"description": "Shirt Rial Functionality"
	},
	{
		"nombre": "Chips Salad",
		"idJuego": 79,
		"desarrollador": "2kGames",
		"fechaLanzamiento": "2018-06-03T11:56:22.008Z",
		"leadDesigner": {
			"firstName": "Rolando",
			"lastName": "Crist"
		},
		"sales": 4357854,
		"genre": "Sandbox",
		"description": "port Engineer"
	},
	{
		"nombre": "Avon programming Producer",
		"idJuego": 80,
		"desarrollador": "2kGames",
		"fechaLanzamiento": "2009-07-25T03:49:35.115Z",
		"leadDesigner": {
			"firstName": "Marlene",
			"lastName": "Herzog"
		},
		"sales": 26824800,
		"genre": "Racing",
		"description": "SAS"
	},
	{
		"nombre": "Oregon",
		"idJuego": 81,
		"desarrollador": "343 Industries",
		"fechaLanzamiento": "2006-01-02T03:10:51.216Z",
		"leadDesigner": {
			"firstName": "Polly",
			"lastName": "Hickle"
		},
		"sales": 23506303,
		"genre": "Fighting",
		"description": "Tools Botswana"
	},
	{
		"nombre": "e-commerce e-enable",
		"idJuego": 82,
		"desarrollador": "2kGames",
		"fechaLanzamiento": "2001-09-21T00:26:05.938Z",
		"leadDesigner": {
			"firstName": "Christopher",
			"lastName": "Boyle"
		},
		"sales": 21678131,
		"genre": "Fighting",
		"description": "secondary back-end Dynamic"
	},
	{
		"nombre": "distributed Music",
		"idJuego": 83,
		"desarrollador": "Telltale",
		"fechaLanzamiento": "2009-08-26T15:27:17.451Z",
		"leadDesigner": {
			"firstName": "Glenna",
			"lastName": "Koss"
		},
		"sales": 30483155,
		"genre": "FPS",
		"description": "index"
	},
	{
		"nombre": "deliverables",
		"idJuego": 84,
		"desarrollador": "Bungie",
		"fechaLanzamiento": "2022-10-03T15:42:26.630Z",
		"leadDesigner": {
			"firstName": "Joelle",
			"lastName": "Boyer"
		},
		"sales": 22610618,
		"genre": "Fighting",
		"description": "Kids Car"
	},
	{
		"nombre": "Cambridgeshire",
		"idJuego": 85,
		"desarrollador": "Ubisoft",
		"fechaLanzamiento": "2002-12-24T20:56:53.514Z",
		"leadDesigner": {
			"firstName": "Frank",
			"lastName": "Ratke"
		},
		"sales": 5475108,
		"genre": "Sandbox",
		"description": "Fresh"
	},
	{
		"nombre": "Ports Intranet Executive",
		"idJuego": 86,
		"desarrollador": "Bungie",
		"fechaLanzamiento": "2000-08-10T01:41:23.705Z",
		"leadDesigner": {
			"firstName": "Henriette",
			"lastName": "Tremblay"
		},
		"sales": 11799000,
		"genre": "RPG",
		"description": "SQL"
	},
	{
		"nombre": "Bike Cheese Engineer",
		"idJuego": 87,
		"desarrollador": "Skybound",
		"fechaLanzamiento": "1993-06-08T16:26:01.394Z",
		"leadDesigner": {
			"firstName": "D'angelo",
			"lastName": "Robel"
		},
		"sales": 21250393,
		"genre": "Adventure",
		"description": "International"
	},
	{
		"nombre": "Incredible Hat seamless",
		"idJuego": 88,
		"desarrollador": "2kGames",
		"fechaLanzamiento": "2017-07-27T19:47:33.179Z",
		"leadDesigner": {
			"firstName": "Shad",
			"lastName": "Dicki"
		},
		"sales": 17983023,
		"genre": "FPS",
		"description": "Intranet Designer SMTP"
	},
	{
		"nombre": "Virginia",
		"idJuego": 89,
		"desarrollador": "343 Industries",
		"fechaLanzamiento": "2014-04-19T08:07:41.682Z",
		"leadDesigner": {
			"firstName": "Bernard",
			"lastName": "Huel"
		},
		"sales": 5333167,
		"genre": "Fighting",
		"description": "Springs"
	},
	{
		"nombre": "Bedfordshire",
		"idJuego": 90,
		"desarrollador": "Ubisoft",
		"fechaLanzamiento": "2012-04-04T19:20:34.029Z",
		"leadDesigner": {
			"firstName": "Eriberto",
			"lastName": "Gaylord"
		},
		"sales": 9437587,
		"genre": "Racing",
		"description": "Monaco Specialist"
	},
	{
		"nombre": "black Korean",
		"idJuego": 91,
		"desarrollador": "Bungie",
		"fechaLanzamiento": "2023-12-18T06:40:59.708Z",
		"leadDesigner": {
			"firstName": "Claire",
			"lastName": "Barrows"
		},
		"sales": 27937700,
		"genre": "MOBA",
		"description": "web-enabled Licensed New"
	},
	{
		"nombre": "PCI",
		"idJuego": 92,
		"desarrollador": "343 Industries",
		"fechaLanzamiento": "2008-06-05T22:36:52.080Z",
		"leadDesigner": {
			"firstName": "Beverly",
			"lastName": "Legros"
		},
		"sales": 1133386,
		"genre": "MOBA",
		"description": "sticky Handcrafted Overpass"
	},
	{
		"nombre": "capacity Fully-configurable withdrawal",
		"idJuego": 93,
		"desarrollador": "Telltale",
		"fechaLanzamiento": "2010-06-28T00:12:27.892Z",
		"leadDesigner": {
			"firstName": "Dewitt",
			"lastName": "Ruecker"
		},
		"sales": 3614227,
		"genre": "Fighting",
		"description": "Money"
	},
	{
		"nombre": "Principal orchestration",
		"idJuego": 94,
		"desarrollador": "Telltale",
		"fechaLanzamiento": "2014-04-24T22:48:48.765Z",
		"leadDesigner": {
			"firstName": "Breanne",
			"lastName": "Murphy"
		},
		"sales": 27842802,
		"genre": "Sandbox",
		"description": "calculate Tajikistan"
	},
	{
		"nombre": "Loan embrace",
		"idJuego": 95,
		"desarrollador": "Bungie",
		"fechaLanzamiento": "1992-01-16T10:16:06.306Z",
		"leadDesigner": {
			"firstName": "Roxane",
			"lastName": "Miller"
		},
		"sales": 25374881,
		"genre": "Adventure",
		"description": "cross-platform Taiwan"
	},
	{
		"nombre": "forecast",
		"idJuego": 96,
		"desarrollador": "Infinity Ward",
		"fechaLanzamiento": "2001-02-28T23:04:24.156Z",
		"leadDesigner": {
			"firstName": "Camryn",
			"lastName": "Schmidt"
		},
		"sales": 10748447,
		"genre": "Racing",
		"description": "COM methodologies deposit"
	},
	{
		"nombre": "payment Salad firewall",
		"idJuego": 97,
		"desarrollador": "343 Industries",
		"fechaLanzamiento": "1991-02-22T19:36:48.253Z",
		"leadDesigner": {
			"firstName": "Rafaela",
			"lastName": "Gerlach"
		},
		"sales": 26196829,
		"genre": "MOBA",
		"description": "heuristic portals"
	},
	{
		"nombre": "global interactive New",
		"idJuego": 98,
		"desarrollador": "Ubisoft",
		"fechaLanzamiento": "2015-05-09T06:52:02.011Z",
		"leadDesigner": {
			"firstName": "Alta",
			"lastName": "Heidenreich"
		},
		"sales": 22820924,
		"genre": "FPS",
		"description": "info-mediaries Market Borders"
	},
	{
		"nombre": "plum bypassing Producer",
		"idJuego": 99,
		"desarrollador": "Bungie",
		"fechaLanzamiento": "1987-02-10T05:02:38.601Z",
		"leadDesigner": {
			"firstName": "Avery",
			"lastName": "Herman"
		},
		"sales": 28556353,
		"genre": "Sandbox",
		"description": "ADP Supervisor"
	},
	{
		"nombre": "utilize mesh",
		"idJuego": 100,
		"desarrollador": "Telltale",
		"fechaLanzamiento": "2018-11-18T04:50:18.478Z",
		"leadDesigner": {
			"firstName": "Golden",
			"lastName": "Howe"
		},
		"sales": 23284547,
		"genre": "MOBA",
		"description": "open-source Regional"
	},
	{
		"nombre": "Regional",
		"idJuego": 101,
		"desarrollador": "2kGames",
		"fechaLanzamiento": "2002-11-20T15:41:46.806Z",
		"leadDesigner": {
			"firstName": "Shea",
			"lastName": "Emard"
		},
		"sales": 7908559,
		"genre": "Platformer",
		"description": "Fantastic"
	},
	{
		"nombre": "teal lavender Saint",
		"idJuego": 102,
		"desarrollador": "Mojang",
		"fechaLanzamiento": "2023-08-15T01:35:08.344Z",
		"leadDesigner": {
			"firstName": "Al",
			"lastName": "Boyer"
		},
		"sales": 19089969,
		"genre": "Sandbox",
		"description": "Granite"
	},
	{
		"nombre": "Assurance pixel actuating",
		"idJuego": 103,
		"desarrollador": "Skybound",
		"fechaLanzamiento": "2009-12-11T04:15:59.941Z",
		"leadDesigner": {
			"firstName": "Mary",
			"lastName": "Volkman"
		},
		"sales": 17829870,
		"genre": "Sandbox",
		"description": "optimize Corporate Human"
	},
	{
		"nombre": "users",
		"idJuego": 104,
		"desarrollador": "Skybound",
		"fechaLanzamiento": "1989-11-20T09:31:15.062Z",
		"leadDesigner": {
			"firstName": "Hanna",
			"lastName": "Cummings"
		},
		"sales": 9973907,
		"genre": "Platformer",
		"description": "4th Expanded"
	},
	{
		"nombre": "Greens Arkansas",
		"idJuego": 105,
		"desarrollador": "Skybound",
		"fechaLanzamiento": "2002-02-08T20:49:39.579Z",
		"leadDesigner": {
			"firstName": "Erik",
			"lastName": "Grant"
		},
		"sales": 13588884,
		"genre": "Adventure",
		"description": "experiences Gorgeous"
	},
	{
		"nombre": "bandwidth transition Handcrafted",
		"idJuego": 106,
		"desarrollador": "Skybound",
		"fechaLanzamiento": "1995-03-23T16:34:43.392Z",
		"leadDesigner": {
			"firstName": "Sammy",
			"lastName": "McDermott"
		},
		"sales": 18074659,
		"genre": "Sandbox",
		"description": "District intangible Borders"
	},
	{
		"nombre": "collaboration orange Rustic",
		"idJuego": 107,
		"desarrollador": "Telltale",
		"fechaLanzamiento": "2023-07-22T05:47:29.003Z",
		"leadDesigner": {
			"firstName": "Rose",
			"lastName": "Dooley"
		},
		"sales": 9201370,
		"genre": "Platformer",
		"description": "Market Avon best-of-breed"
	},
	{
		"nombre": "programming",
		"idJuego": 108,
		"desarrollador": "Telltale",
		"fechaLanzamiento": "1992-09-19T08:13:29.387Z",
		"leadDesigner": {
			"firstName": "Delta",
			"lastName": "Deckow"
		},
		"sales": 17967185,
		"genre": "Fighting",
		"description": "maroon"
	},
	{
		"nombre": "enable Avon Security",
		"idJuego": 109,
		"desarrollador": "Skybound",
		"fechaLanzamiento": "2005-03-31T15:35:27.486Z",
		"leadDesigner": {
			"firstName": "Ellsworth",
			"lastName": "Trantow"
		},
		"sales": 13705254,
		"genre": "MOBA",
		"description": "Computers"
	},
	{
		"nombre": "Tactics Andorra Business-focused",
		"idJuego": 110,
		"desarrollador": "343 Industries",
		"fechaLanzamiento": "2020-07-10T22:12:29.249Z",
		"leadDesigner": {
			"firstName": "Tyra",
			"lastName": "Durgan"
		},
		"sales": 24358446,
		"genre": "Racing",
		"description": "1080p Investment"
	},
	{
		"nombre": "Chicken",
		"idJuego": 111,
		"desarrollador": "Infinity Ward",
		"fechaLanzamiento": "2014-09-17T12:31:18.796Z",
		"leadDesigner": {
			"firstName": "Dallin",
			"lastName": "Williamson"
		},
		"sales": 22422687,
		"genre": "Racing",
		"description": "transmitting"
	},
	{
		"nombre": "cross-platform cutting-edge optical",
		"idJuego": 112,
		"desarrollador": "2kGames",
		"fechaLanzamiento": "2014-04-02T14:04:53.065Z",
		"leadDesigner": {
			"firstName": "Linnea",
			"lastName": "Roberts"
		},
		"sales": 18673550,
		"genre": "RPG",
		"description": "Salad Iceland"
	},
	{
		"nombre": "engineer",
		"idJuego": 113,
		"desarrollador": "Mojang",
		"fechaLanzamiento": "2010-12-08T15:31:42.199Z",
		"leadDesigner": {
			"firstName": "Cruz",
			"lastName": "Sauer"
		},
		"sales": 17000985,
		"genre": "Racing",
		"description": "utilisation Idaho"
	},
	{
		"nombre": "SAS Credit Incredible",
		"idJuego": 114,
		"desarrollador": "343 Industries",
		"fechaLanzamiento": "2004-04-05T20:51:24.118Z",
		"leadDesigner": {
			"firstName": "Kory",
			"lastName": "Osinski"
		},
		"sales": 28840119,
		"genre": "Racing",
		"description": "parsing generate COM"
	},
	{
		"nombre": "Investment blue",
		"idJuego": 115,
		"desarrollador": "2kGames",
		"fechaLanzamiento": "2001-11-27T11:05:57.936Z",
		"leadDesigner": {
			"firstName": "Duane",
			"lastName": "Fisher"
		},
		"sales": 29727737,
		"genre": "RPG",
		"description": "Chief portals payment"
	},
	{
		"nombre": "Administrator",
		"idJuego": 116,
		"desarrollador": "Infinity Ward",
		"fechaLanzamiento": "2009-01-13T12:18:38.821Z",
		"leadDesigner": {
			"firstName": "Dee",
			"lastName": "Christiansen"
		},
		"sales": 22268412,
		"genre": "MOBA",
		"description": "enhance Awesome Cotton"
	},
	{
		"nombre": "Estates",
		"idJuego": 117,
		"desarrollador": "Skybound",
		"fechaLanzamiento": "2017-02-14T04:21:53.789Z",
		"leadDesigner": {
			"firstName": "Chaz",
			"lastName": "Olson"
		},
		"sales": 12692781,
		"genre": "RPG",
		"description": "benchmark protocol infomediaries"
	},
	{
		"nombre": "Brand Brand Fresh",
		"idJuego": 118,
		"desarrollador": "Skybound",
		"fechaLanzamiento": "2000-03-06T07:46:18.121Z",
		"leadDesigner": {
			"firstName": "Lisa",
			"lastName": "Dicki"
		},
		"sales": 7876569,
		"genre": "Adventure",
		"description": "Ergonomic Fresh"
	},
	{
		"nombre": "Towels Producer Cotton",
		"idJuego": 119,
		"desarrollador": "2kGames",
		"fechaLanzamiento": "2002-07-17T18:41:49.839Z",
		"leadDesigner": {
			"firstName": "Leonel",
			"lastName": "Greenfelder"
		},
		"sales": 17397442,
		"genre": "RPG",
		"description": "Designer calculating"
	},
	{
		"nombre": "Arkansas",
		"idJuego": 120,
		"desarrollador": "Ubisoft",
		"fechaLanzamiento": "2004-05-24T13:59:15.751Z",
		"leadDesigner": {
			"firstName": "Kraig",
			"lastName": "Greenholt"
		},
		"sales": 22881808,
		"genre": "Racing",
		"description": "parsing Loan Plastic"
	},
	{
		"nombre": "Arizona",
		"idJuego": 121,
		"desarrollador": "Mojang",
		"fechaLanzamiento": "1998-03-26T18:25:42.341Z",
		"leadDesigner": {
			"firstName": "Minnie",
			"lastName": "Lehner"
		},
		"sales": 24963859,
		"genre": "Fighting",
		"description": "olive"
	},
	{
		"nombre": "Card",
		"idJuego": 122,
		"desarrollador": "Telltale",
		"fechaLanzamiento": "1987-11-28T23:42:49.986Z",
		"leadDesigner": {
			"firstName": "Vivian",
			"lastName": "Kuvalis"
		},
		"sales": 29431047,
		"genre": "MOBA",
		"description": "Clothing drive"
	},
	{
		"nombre": "Central internet",
		"idJuego": 123,
		"desarrollador": "Telltale",
		"fechaLanzamiento": "2012-09-24T13:17:30.929Z",
		"leadDesigner": {
			"firstName": "Demond",
			"lastName": "Jaskolski"
		},
		"sales": 16809209,
		"genre": "RPG",
		"description": "Handcrafted Incredible"
	},
	{
		"nombre": "help-desk Metal",
		"idJuego": 124,
		"desarrollador": "2kGames",
		"fechaLanzamiento": "2018-10-03T19:12:15.327Z",
		"leadDesigner": {
			"firstName": "Carissa",
			"lastName": "Jacobson"
		},
		"sales": 3858365,
		"genre": "Adventure",
		"description": "Avon transparent"
	},
	{
		"nombre": "payment",
		"idJuego": 125,
		"desarrollador": "Skybound",
		"fechaLanzamiento": "2008-10-29T21:55:15.022Z",
		"leadDesigner": {
			"firstName": "Amaya",
			"lastName": "Effertz"
		},
		"sales": 21954743,
		"genre": "FPS",
		"description": "Internal"
	},
	{
		"nombre": "Estonia",
		"idJuego": 126,
		"desarrollador": "Skybound",
		"fechaLanzamiento": "2007-09-23T19:50:26.525Z",
		"leadDesigner": {
			"firstName": "Estefania",
			"lastName": "Miller"
		},
		"sales": 14446407,
		"genre": "Sandbox",
		"description": "Kids deposit Chips"
	},
	{
		"nombre": "Health secondary Sausages",
		"idJuego": 127,
		"desarrollador": "Infinity Ward",
		"fechaLanzamiento": "2015-12-10T16:39:25.494Z",
		"leadDesigner": {
			"firstName": "Lane",
			"lastName": "Miller"
		},
		"sales": 18366224,
		"genre": "Sandbox",
		"description": "Officer Infrastructure program"
	},
	{
		"nombre": "Plastic ivory Games",
		"idJuego": 128,
		"desarrollador": "Mojang",
		"fechaLanzamiento": "1998-07-19T05:25:14.765Z",
		"leadDesigner": {
			"firstName": "Russel",
			"lastName": "Mayert"
		},
		"sales": 2963557,
		"genre": "Platformer",
		"description": "encryption"
	},
	{
		"nombre": "Handmade digital Computers",
		"idJuego": 129,
		"desarrollador": "Telltale",
		"fechaLanzamiento": "2008-12-06T23:39:58.686Z",
		"leadDesigner": {
			"firstName": "Westley",
			"lastName": "Lubowitz"
		},
		"sales": 1154616,
		"genre": "Racing",
		"description": "motivating transition"
	},
	{
		"nombre": "Persistent transparent",
		"idJuego": 130,
		"desarrollador": "Infinity Ward",
		"fechaLanzamiento": "2013-01-01T20:17:57.898Z",
		"leadDesigner": {
			"firstName": "Mable",
			"lastName": "Welch"
		},
		"sales": 25774711,
		"genre": "MOBA",
		"description": "infrastructure strategize"
	},
	{
		"nombre": "Synergized Maryland",
		"idJuego": 131,
		"desarrollador": "Skybound",
		"fechaLanzamiento": "1987-08-01T07:49:37.344Z",
		"leadDesigner": {
			"firstName": "Josh",
			"lastName": "Haley"
		},
		"sales": 9467606,
		"genre": "Sandbox",
		"description": "withdrawal"
	},
	{
		"nombre": "solution-oriented Awesome",
		"idJuego": 132,
		"desarrollador": "Bungie",
		"fechaLanzamiento": "1999-02-19T03:05:44.705Z",
		"leadDesigner": {
			"firstName": "Lavon",
			"lastName": "Lebsack"
		},
		"sales": 11226027,
		"genre": "Racing",
		"description": "Extended tan Marketing"
	},
	{
		"nombre": "SCSI Belarussian",
		"idJuego": 133,
		"desarrollador": "Bungie",
		"fechaLanzamiento": "1999-11-03T19:49:56.418Z",
		"leadDesigner": {
			"firstName": "Herman",
			"lastName": "McGlynn"
		},
		"sales": 3800980,
		"genre": "Adventure",
		"description": "orange RAM B2C"
	},
	{
		"nombre": "Concrete",
		"idJuego": 134,
		"desarrollador": "2kGames",
		"fechaLanzamiento": "2007-01-17T06:59:10.485Z",
		"leadDesigner": {
			"firstName": "Alexa",
			"lastName": "Nader"
		},
		"sales": 23351885,
		"genre": "Racing",
		"description": "Toys circuit"
	},
	{
		"nombre": "Concrete Berkshire",
		"idJuego": 135,
		"desarrollador": "Infinity Ward",
		"fechaLanzamiento": "1999-08-02T22:57:58.705Z",
		"leadDesigner": {
			"firstName": "Nestor",
			"lastName": "Streich"
		},
		"sales": 3591924,
		"genre": "FPS",
		"description": "Handmade"
	},
	{
		"nombre": "salmon",
		"idJuego": 136,
		"desarrollador": "Ubisoft",
		"fechaLanzamiento": "2015-01-08T07:37:28.691Z",
		"leadDesigner": {
			"firstName": "Cleo",
			"lastName": "Hartmann"
		},
		"sales": 14433991,
		"genre": "Racing",
		"description": "Cambridgeshire Aruban"
	},
	{
		"nombre": "Lead Baby communities",
		"idJuego": 137,
		"desarrollador": "Bungie",
		"fechaLanzamiento": "1989-07-05T02:24:36.014Z",
		"leadDesigner": {
			"firstName": "Thora",
			"lastName": "Murray"
		},
		"sales": 1332327,
		"genre": "RPG",
		"description": "Chips"
	},
	{
		"nombre": "Credit killer global",
		"idJuego": 138,
		"desarrollador": "Mojang",
		"fechaLanzamiento": "2012-03-27T04:57:27.136Z",
		"leadDesigner": {
			"firstName": "Clark",
			"lastName": "Cronin"
		},
		"sales": 17889791,
		"genre": "Sandbox",
		"description": "Swedish 1080p"
	},
	{
		"nombre": "SDR Wyoming",
		"idJuego": 139,
		"desarrollador": "Telltale",
		"fechaLanzamiento": "2012-02-21T19:10:03.043Z",
		"leadDesigner": {
			"firstName": "Piper",
			"lastName": "Durgan"
		},
		"sales": 6905463,
		"genre": "Sandbox",
		"description": "holistic Cambodia"
	},
	{
		"nombre": "Gloves",
		"idJuego": 140,
		"desarrollador": "Bungie",
		"fechaLanzamiento": "2023-02-24T17:17:39.721Z",
		"leadDesigner": {
			"firstName": "Justina",
			"lastName": "Herzog"
		},
		"sales": 8933382,
		"genre": "Adventure",
		"description": "Specialist"
	},
	{
		"nombre": "payment Music mobile",
		"idJuego": 141,
		"desarrollador": "Mojang",
		"fechaLanzamiento": "1991-10-27T09:11:11.294Z",
		"leadDesigner": {
			"firstName": "Ed",
			"lastName": "Daniel"
		},
		"sales": 11104485,
		"genre": "Fighting",
		"description": "Automotive"
	},
	{
		"nombre": "primary Borders Principal",
		"idJuego": 142,
		"desarrollador": "Mojang",
		"fechaLanzamiento": "2014-08-29T07:52:50.229Z",
		"leadDesigner": {
			"firstName": "Royal",
			"lastName": "Stokes"
		},
		"sales": 4171791,
		"genre": "Fighting",
		"description": "index"
	},
	{
		"nombre": "Awesome",
		"idJuego": 143,
		"desarrollador": "Mojang",
		"fechaLanzamiento": "2017-04-30T11:42:01.289Z",
		"leadDesigner": {
			"firstName": "Major",
			"lastName": "Okuneva"
		},
		"sales": 12352275,
		"genre": "Sandbox",
		"description": "Bedfordshire Togo"
	},
	{
		"nombre": "Gloves",
		"idJuego": 144,
		"desarrollador": "Skybound",
		"fechaLanzamiento": "2020-02-05T01:51:27.032Z",
		"leadDesigner": {
			"firstName": "Clifton",
			"lastName": "Rogahn"
		},
		"sales": 11515450,
		"genre": "FPS",
		"description": "Tools Licensed"
	},
	{
		"nombre": "service-desk interactive",
		"idJuego": 145,
		"desarrollador": "343 Industries",
		"fechaLanzamiento": "1999-03-04T02:29:28.451Z",
		"leadDesigner": {
			"firstName": "Hilma",
			"lastName": "Champlin"
		},
		"sales": 27355967,
		"genre": "Racing",
		"description": "Metal Tools"
	},
	{
		"nombre": "Usability USB",
		"idJuego": 146,
		"desarrollador": "Telltale",
		"fechaLanzamiento": "2015-01-23T11:45:35.955Z",
		"leadDesigner": {
			"firstName": "Lennie",
			"lastName": "Davis"
		},
		"sales": 19319227,
		"genre": "Adventure",
		"description": "bypassing"
	},
	{
		"nombre": "Global AI Via",
		"idJuego": 147,
		"desarrollador": "Ubisoft",
		"fechaLanzamiento": "2023-03-11T03:30:54.137Z",
		"leadDesigner": {
			"firstName": "Gregory",
			"lastName": "Runolfsdottir"
		},
		"sales": 16206679,
		"genre": "Racing",
		"description": "Self-enabling"
	},
	{
		"nombre": "Investor Jewelery",
		"idJuego": 148,
		"desarrollador": "Ubisoft",
		"fechaLanzamiento": "2024-01-30T07:22:23.048Z",
		"leadDesigner": {
			"firstName": "Virginie",
			"lastName": "Grady"
		},
		"sales": 27575151,
		"genre": "Sandbox",
		"description": "Dollar"
	},
	{
		"nombre": "Plastic",
		"idJuego": 149,
		"desarrollador": "Ubisoft",
		"fechaLanzamiento": "2009-03-11T01:40:42.129Z",
		"leadDesigner": {
			"firstName": "Rolando",
			"lastName": "Torphy"
		},
		"sales": 8376342,
		"genre": "Sandbox",
		"description": "Fresh Chicken"
	},
	{
		"nombre": "Streamlined District",
		"idJuego": 150,
		"desarrollador": "Bungie",
		"fechaLanzamiento": "2020-01-05T22:32:05.469Z",
		"leadDesigner": {
			"firstName": "Leonor",
			"lastName": "Rutherford"
		},
		"sales": 6899983,
		"genre": "Sandbox",
		"description": "panel Handmade"
	},
	{
		"nombre": "benchmark neural contingency",
		"idJuego": 151,
		"desarrollador": "Mojang",
		"fechaLanzamiento": "2015-09-15T16:06:12.895Z",
		"leadDesigner": {
			"firstName": "Onie",
			"lastName": "Lehner"
		},
		"sales": 1450809,
		"genre": "FPS",
		"description": "Configuration dot-com payment"
	},
	{
		"nombre": "SAS",
		"idJuego": 152,
		"desarrollador": "Skybound",
		"fechaLanzamiento": "2016-09-15T11:31:38.944Z",
		"leadDesigner": {
			"firstName": "Annamarie",
			"lastName": "Feeney"
		},
		"sales": 7290577,
		"genre": "Racing",
		"description": "relationships blue overriding"
	},
	{
		"nombre": "circuit",
		"idJuego": 153,
		"desarrollador": "Mojang",
		"fechaLanzamiento": "1987-06-16T17:29:49.211Z",
		"leadDesigner": {
			"firstName": "Rudy",
			"lastName": "Boyle"
		},
		"sales": 27037547,
		"genre": "Racing",
		"description": "parsing Toys"
	},
	{
		"nombre": "Chips integrate",
		"idJuego": 154,
		"desarrollador": "Mojang",
		"fechaLanzamiento": "2023-03-29T04:30:39.314Z",
		"leadDesigner": {
			"firstName": "Maya",
			"lastName": "Gerhold"
		},
		"sales": 3231155,
		"genre": "MOBA",
		"description": "Colorado Intranet"
	},
	{
		"nombre": "orchestration payment generating",
		"idJuego": 155,
		"desarrollador": "Bungie",
		"fechaLanzamiento": "1987-07-04T21:49:11.221Z",
		"leadDesigner": {
			"firstName": "Anika",
			"lastName": "Little"
		},
		"sales": 5688822,
		"genre": "Sandbox",
		"description": "Manager"
	},
	{
		"nombre": "navigating",
		"idJuego": 156,
		"desarrollador": "343 Industries",
		"fechaLanzamiento": "2006-08-30T00:06:24.261Z",
		"leadDesigner": {
			"firstName": "Nicholas",
			"lastName": "Ondricka"
		},
		"sales": 27107743,
		"genre": "Adventure",
		"description": "bandwidth Shoes Computers"
	},
	{
		"nombre": "benchmark withdrawal Frozen",
		"idJuego": 157,
		"desarrollador": "Ubisoft",
		"fechaLanzamiento": "2003-03-13T02:47:29.038Z",
		"leadDesigner": {
			"firstName": "Rhett",
			"lastName": "Kovacek"
		},
		"sales": 5859898,
		"genre": "Adventure",
		"description": "Industrial"
	},
	{
		"nombre": "technologies",
		"idJuego": 158,
		"desarrollador": "Telltale",
		"fechaLanzamiento": "1993-05-15T10:20:35.212Z",
		"leadDesigner": {
			"firstName": "Hilda",
			"lastName": "Jast"
		},
		"sales": 4707509,
		"genre": "MOBA",
		"description": "Up-sized"
	},
	{
		"nombre": "scale synergize",
		"idJuego": 159,
		"desarrollador": "Mojang",
		"fechaLanzamiento": "2020-07-04T08:42:17.377Z",
		"leadDesigner": {
			"firstName": "Corine",
			"lastName": "Lockman"
		},
		"sales": 22113444,
		"genre": "RPG",
		"description": "hacking"
	},
	{
		"nombre": "Missouri",
		"idJuego": 160,
		"desarrollador": "Telltale",
		"fechaLanzamiento": "1993-01-09T17:49:10.138Z",
		"leadDesigner": {
			"firstName": "Christ",
			"lastName": "Weissnat"
		},
		"sales": 19258705,
		"genre": "RPG",
		"description": "Tanzania"
	},
	{
		"nombre": "magnetic",
		"idJuego": 161,
		"desarrollador": "Bungie",
		"fechaLanzamiento": "1986-07-22T08:25:26.739Z",
		"leadDesigner": {
			"firstName": "Zachary",
			"lastName": "Klocko"
		},
		"sales": 11567526,
		"genre": "RPG",
		"description": "analyzing"
	},
	{
		"nombre": "Senior",
		"idJuego": 162,
		"desarrollador": "Bungie",
		"fechaLanzamiento": "1992-02-27T23:46:13.778Z",
		"leadDesigner": {
			"firstName": "Antwan",
			"lastName": "Rohan"
		},
		"sales": 13948287,
		"genre": "Fighting",
		"description": "Concrete Hat Creative"
	},
	{
		"nombre": "Pants Handcrafted",
		"idJuego": 163,
		"desarrollador": "Bungie",
		"fechaLanzamiento": "1991-07-17T09:58:20.685Z",
		"leadDesigner": {
			"firstName": "Domingo",
			"lastName": "White"
		},
		"sales": 17753764,
		"genre": "RPG",
		"description": "Table Tuvalu"
	},
	{
		"nombre": "synergistic",
		"idJuego": 164,
		"desarrollador": "Telltale",
		"fechaLanzamiento": "2009-10-26T10:49:13.106Z",
		"leadDesigner": {
			"firstName": "Floy",
			"lastName": "Fisher"
		},
		"sales": 7096405,
		"genre": "Adventure",
		"description": "Home schemas"
	},
	{
		"nombre": "attitude-oriented User-friendly input",
		"idJuego": 165,
		"desarrollador": "Ubisoft",
		"fechaLanzamiento": "2022-12-26T22:02:17.933Z",
		"leadDesigner": {
			"firstName": "Rose",
			"lastName": "Luettgen"
		},
		"sales": 21874852,
		"genre": "RPG",
		"description": "cross-platform withdrawal"
	},
	{
		"nombre": "RSS",
		"idJuego": 166,
		"desarrollador": "Bungie",
		"fechaLanzamiento": "1998-01-31T09:37:24.470Z",
		"leadDesigner": {
			"firstName": "Johnathon",
			"lastName": "Parisian"
		},
		"sales": 18392071,
		"genre": "Fighting",
		"description": "attitude-oriented"
	},
	{
		"nombre": "Arabia",
		"idJuego": 167,
		"desarrollador": "Skybound",
		"fechaLanzamiento": "2017-11-20T03:36:16.727Z",
		"leadDesigner": {
			"firstName": "Chelsey",
			"lastName": "Bayer"
		},
		"sales": 10550392,
		"genre": "Platformer",
		"description": "Handcrafted Granite"
	},
	{
		"nombre": "encoding quantify Tenge",
		"idJuego": 168,
		"desarrollador": "Mojang",
		"fechaLanzamiento": "2006-05-29T13:00:50.664Z",
		"leadDesigner": {
			"firstName": "Francesca",
			"lastName": "Johns"
		},
		"sales": 7189473,
		"genre": "Platformer",
		"description": "programming JBOD"
	},
	{
		"nombre": "Account",
		"idJuego": 169,
		"desarrollador": "Mojang",
		"fechaLanzamiento": "2016-08-28T13:06:10.951Z",
		"leadDesigner": {
			"firstName": "Easter",
			"lastName": "Tremblay"
		},
		"sales": 27778302,
		"genre": "Adventure",
		"description": "Branding"
	},
	{
		"nombre": "Operations",
		"idJuego": 170,
		"desarrollador": "Mojang",
		"fechaLanzamiento": "1986-09-18T23:13:54.722Z",
		"leadDesigner": {
			"firstName": "Maurice",
			"lastName": "Conn"
		},
		"sales": 3154348,
		"genre": "RPG",
		"description": "Fantastic"
	},
	{
		"nombre": "Awesome black Path",
		"idJuego": 171,
		"desarrollador": "Mojang",
		"fechaLanzamiento": "2004-11-21T03:54:17.320Z",
		"leadDesigner": {
			"firstName": "Isai",
			"lastName": "Ondricka"
		},
		"sales": 20696126,
		"genre": "Sandbox",
		"description": "Coordinator"
	},
	{
		"nombre": "generate Division",
		"idJuego": 172,
		"desarrollador": "Bungie",
		"fechaLanzamiento": "2022-02-17T04:08:40.180Z",
		"leadDesigner": {
			"firstName": "Christine",
			"lastName": "Herzog"
		},
		"sales": 30016011,
		"genre": "RPG",
		"description": "Soft Cambridgeshire silver"
	},
	{
		"nombre": "Loan",
		"idJuego": 173,
		"desarrollador": "Telltale",
		"fechaLanzamiento": "2023-10-05T14:52:30.208Z",
		"leadDesigner": {
			"firstName": "Delilah",
			"lastName": "Greenfelder"
		},
		"sales": 11480667,
		"genre": "Racing",
		"description": "cultivate Avenue 1080p"
	},
	{
		"nombre": "Shirt Avon",
		"idJuego": 174,
		"desarrollador": "2kGames",
		"fechaLanzamiento": "2019-08-13T05:12:15.614Z",
		"leadDesigner": {
			"firstName": "Dolly",
			"lastName": "Jones"
		},
		"sales": 17727643,
		"genre": "Racing",
		"description": "SDD PCI"
	},
	{
		"nombre": "mindshare deposit",
		"idJuego": 175,
		"desarrollador": "Telltale",
		"fechaLanzamiento": "1996-01-21T14:06:13.084Z",
		"leadDesigner": {
			"firstName": "Eula",
			"lastName": "Ledner"
		},
		"sales": 3008091,
		"genre": "Racing",
		"description": "program SAS payment"
	},
	{
		"nombre": "Flats card",
		"idJuego": 176,
		"desarrollador": "Mojang",
		"fechaLanzamiento": "1997-08-29T08:53:12.784Z",
		"leadDesigner": {
			"firstName": "Douglas",
			"lastName": "Schulist"
		},
		"sales": 14955646,
		"genre": "Fighting",
		"description": "auxiliary"
	},
	{
		"nombre": "RSS protocol USB",
		"idJuego": 177,
		"desarrollador": "343 Industries",
		"fechaLanzamiento": "2006-07-13T05:57:10.458Z",
		"leadDesigner": {
			"firstName": "Mina",
			"lastName": "Pagac"
		},
		"sales": 17388724,
		"genre": "Platformer",
		"description": "Croatia Internal"
	},
	{
		"nombre": "integrate real-time Borders",
		"idJuego": 178,
		"desarrollador": "Telltale",
		"fechaLanzamiento": "1989-05-26T18:21:28.583Z",
		"leadDesigner": {
			"firstName": "Gregorio",
			"lastName": "Murphy"
		},
		"sales": 16235880,
		"genre": "MOBA",
		"description": "Intelligent"
	},
	{
		"nombre": "Grocery",
		"idJuego": 179,
		"desarrollador": "343 Industries",
		"fechaLanzamiento": "2018-02-04T15:30:59.905Z",
		"leadDesigner": {
			"firstName": "Darwin",
			"lastName": "Nader"
		},
		"sales": 22589155,
		"genre": "Sandbox",
		"description": "Executive"
	},
	{
		"nombre": "Account",
		"idJuego": 180,
		"desarrollador": "Infinity Ward",
		"fechaLanzamiento": "1995-06-15T22:31:21.920Z",
		"leadDesigner": {
			"firstName": "Mckenzie",
			"lastName": "Herman"
		},
		"sales": 26587160,
		"genre": "FPS",
		"description": "integrate Loan"
	},
	{
		"nombre": "program",
		"idJuego": 181,
		"desarrollador": "Mojang",
		"fechaLanzamiento": "2002-05-18T21:22:13.079Z",
		"leadDesigner": {
			"firstName": "Andy",
			"lastName": "Schumm"
		},
		"sales": 2907445,
		"genre": "FPS",
		"description": "incremental"
	},
	{
		"nombre": "JSON",
		"idJuego": 182,
		"desarrollador": "Bungie",
		"fechaLanzamiento": "1998-04-26T19:04:48.759Z",
		"leadDesigner": {
			"firstName": "Maxie",
			"lastName": "Luettgen"
		},
		"sales": 19324625,
		"genre": "RPG",
		"description": "Industrial best-of-breed optimize"
	},
	{
		"nombre": "Gibraltar Cambridgeshire deposit",
		"idJuego": 183,
		"desarrollador": "Mojang",
		"fechaLanzamiento": "2007-03-16T08:45:51.947Z",
		"leadDesigner": {
			"firstName": "Anibal",
			"lastName": "Torp"
		},
		"sales": 29991732,
		"genre": "Sandbox",
		"description": "Automotive Officer"
	},
	{
		"nombre": "Auto Frozen Switchable",
		"idJuego": 184,
		"desarrollador": "Mojang",
		"fechaLanzamiento": "1994-08-21T07:55:36.190Z",
		"leadDesigner": {
			"firstName": "Faustino",
			"lastName": "Crona"
		},
		"sales": 5358246,
		"genre": "Fighting",
		"description": "Cambridgeshire mission-critical"
	},
	{
		"nombre": "Mouse",
		"idJuego": 185,
		"desarrollador": "Mojang",
		"fechaLanzamiento": "1992-09-21T06:51:45.110Z",
		"leadDesigner": {
			"firstName": "Elroy",
			"lastName": "Buckridge"
		},
		"sales": 20929858,
		"genre": "MOBA",
		"description": "revolutionize"
	},
	{
		"nombre": "neural payment",
		"idJuego": 186,
		"desarrollador": "343 Industries",
		"fechaLanzamiento": "2020-09-05T19:53:08.998Z",
		"leadDesigner": {
			"firstName": "Edmund",
			"lastName": "Wehner"
		},
		"sales": 3663715,
		"genre": "Racing",
		"description": "Supervisor"
	},
	{
		"nombre": "Account Manager scale",
		"idJuego": 187,
		"desarrollador": "2kGames",
		"fechaLanzamiento": "1987-08-26T03:25:21.146Z",
		"leadDesigner": {
			"firstName": "Eda",
			"lastName": "Fahey"
		},
		"sales": 27504476,
		"genre": "Sandbox",
		"description": "blue"
	},
	{
		"nombre": "copying",
		"idJuego": 188,
		"desarrollador": "Mojang",
		"fechaLanzamiento": "1991-03-24T04:35:01.393Z",
		"leadDesigner": {
			"firstName": "Mariela",
			"lastName": "Torphy"
		},
		"sales": 3789920,
		"genre": "Adventure",
		"description": "Kroon Ergonomic even-keeled"
	},
	{
		"nombre": "Bedfordshire",
		"idJuego": 189,
		"desarrollador": "2kGames",
		"fechaLanzamiento": "1992-03-02T05:30:33.601Z",
		"leadDesigner": {
			"firstName": "Yolanda",
			"lastName": "Rolfson"
		},
		"sales": 2461575,
		"genre": "Adventure",
		"description": "Chair Shoes Soap"
	},
	{
		"nombre": "PCI analyzer up",
		"idJuego": 190,
		"desarrollador": "Mojang",
		"fechaLanzamiento": "2015-03-19T02:20:51.816Z",
		"leadDesigner": {
			"firstName": "Candace",
			"lastName": "Klein"
		},
		"sales": 29636616,
		"genre": "Fighting",
		"description": "Data feed overriding"
	},
	{
		"nombre": "bottom-line Jewelery drive",
		"idJuego": 191,
		"desarrollador": "Infinity Ward",
		"fechaLanzamiento": "1994-02-16T10:20:07.396Z",
		"leadDesigner": {
			"firstName": "Eloisa",
			"lastName": "Fahey"
		},
		"sales": 24858347,
		"genre": "Sandbox",
		"description": "Soft Islands"
	},
	{
		"nombre": "invoice",
		"idJuego": 192,
		"desarrollador": "Skybound",
		"fechaLanzamiento": "1991-01-13T17:19:17.538Z",
		"leadDesigner": {
			"firstName": "Dashawn",
			"lastName": "Fahey"
		},
		"sales": 7064196,
		"genre": "Fighting",
		"description": "white Hat"
	},
	{
		"nombre": "Virgin",
		"idJuego": 193,
		"desarrollador": "Skybound",
		"fechaLanzamiento": "2020-01-09T05:40:41.801Z",
		"leadDesigner": {
			"firstName": "Aubrey",
			"lastName": "Nicolas"
		},
		"sales": 29054974,
		"genre": "RPG",
		"description": "deposit"
	},
	{
		"nombre": "scale Music middleware",
		"idJuego": 194,
		"desarrollador": "Skybound",
		"fechaLanzamiento": "2006-12-22T11:34:00.278Z",
		"leadDesigner": {
			"firstName": "Laron",
			"lastName": "Labadie"
		},
		"sales": 9270126,
		"genre": "Sandbox",
		"description": "invoice"
	},
	{
		"nombre": "architecture Plaza",
		"idJuego": 195,
		"desarrollador": "Telltale",
		"fechaLanzamiento": "1994-11-01T17:34:30.265Z",
		"leadDesigner": {
			"firstName": "Barry",
			"lastName": "Zulauf"
		},
		"sales": 26040891,
		"genre": "RPG",
		"description": "Wooden optimize Mews"
	},
	{
		"nombre": "Grocery Polarised motivating",
		"idJuego": 196,
		"desarrollador": "Telltale",
		"fechaLanzamiento": "1996-09-26T02:03:18.651Z",
		"leadDesigner": {
			"firstName": "Jayme",
			"lastName": "Pacocha"
		},
		"sales": 5465988,
		"genre": "Adventure",
		"description": "Azerbaijanian Gateway"
	},
	{
		"nombre": "internet interactive Montana",
		"idJuego": 197,
		"desarrollador": "Mojang",
		"fechaLanzamiento": "2016-08-24T10:10:45.162Z",
		"leadDesigner": {
			"firstName": "Lola",
			"lastName": "Quigley"
		},
		"sales": 29990173,
		"genre": "Fighting",
		"description": "Quetzal"
	},
	{
		"nombre": "Licensed Common",
		"idJuego": 198,
		"desarrollador": "Infinity Ward",
		"fechaLanzamiento": "2015-01-15T03:43:33.093Z",
		"leadDesigner": {
			"firstName": "Elliott",
			"lastName": "Dicki"
		},
		"sales": 4173971,
		"genre": "Adventure",
		"description": "technologies"
	},
	{
		"nombre": "Team-oriented",
		"idJuego": 199,
		"desarrollador": "Skybound",
		"fechaLanzamiento": "1987-09-01T22:16:55.832Z",
		"leadDesigner": {
			"firstName": "Adonis",
			"lastName": "Kemmer"
		},
		"sales": 2094524,
		"genre": "MOBA",
		"description": "Fresh Loan world-class"
	},
	{
		"nombre": "Forward",
		"idJuego": 200,
		"desarrollador": "Telltale",
		"fechaLanzamiento": "2010-07-26T06:52:53.301Z",
		"leadDesigner": {
			"firstName": "Breana",
			"lastName": "Schmitt"
		},
		"sales": 13941765,
		"genre": "Platformer",
		"description": "withdrawal"
	},
	{
		"nombre": "Movies Garden Ohio",
		"idJuego": 201,
		"desarrollador": "Bungie",
		"fechaLanzamiento": "2006-08-03T13:36:49.407Z",
		"leadDesigner": {
			"firstName": "Jose",
			"lastName": "Wiza"
		},
		"sales": 2147663,
		"genre": "FPS",
		"description": "seize Loan Chief"
	},
	{
		"nombre": "Fiji Steel hybrid",
		"idJuego": 202,
		"desarrollador": "Infinity Ward",
		"fechaLanzamiento": "1991-02-08T00:36:24.577Z",
		"leadDesigner": {
			"firstName": "Cassidy",
			"lastName": "Howe"
		},
		"sales": 11239788,
		"genre": "RPG",
		"description": "Bedfordshire Home"
	},
	{
		"nombre": "state SSL",
		"idJuego": 203,
		"desarrollador": "Ubisoft",
		"fechaLanzamiento": "2017-07-03T07:55:13.591Z",
		"leadDesigner": {
			"firstName": "Mabelle",
			"lastName": "O'Conner"
		},
		"sales": 1521356,
		"genre": "MOBA",
		"description": "plum fuchsia Franc"
	},
	{
		"nombre": "Brunei transparent",
		"idJuego": 204,
		"desarrollador": "Mojang",
		"fechaLanzamiento": "1992-08-23T06:28:44.355Z",
		"leadDesigner": {
			"firstName": "Rosario",
			"lastName": "Hane"
		},
		"sales": 11398274,
		"genre": "Sandbox",
		"description": "cross-platform policy plug-and-play"
	},
	{
		"nombre": "Chicken Shoes Bedfordshire",
		"idJuego": 205,
		"desarrollador": "Telltale",
		"fechaLanzamiento": "2023-06-23T01:51:01.079Z",
		"leadDesigner": {
			"firstName": "Jesse",
			"lastName": "Davis"
		},
		"sales": 17171862,
		"genre": "RPG",
		"description": "Business-focused Texas"
	},
	{
		"nombre": "grid-enabled Generic Product",
		"idJuego": 206,
		"desarrollador": "Skybound",
		"fechaLanzamiento": "2017-06-10T17:58:24.510Z",
		"leadDesigner": {
			"firstName": "Gunnar",
			"lastName": "Berge"
		},
		"sales": 27648587,
		"genre": "Fighting",
		"description": "Senior"
	},
	{
		"nombre": "Drive Iowa Reduced",
		"idJuego": 207,
		"desarrollador": "2kGames",
		"fechaLanzamiento": "2018-05-08T23:40:32.552Z",
		"leadDesigner": {
			"firstName": "Antonetta",
			"lastName": "Abernathy"
		},
		"sales": 11903836,
		"genre": "Fighting",
		"description": "calculating Cambridgeshire"
	},
	{
		"nombre": "Krona Product",
		"idJuego": 208,
		"desarrollador": "Skybound",
		"fechaLanzamiento": "2011-08-25T02:54:57.834Z",
		"leadDesigner": {
			"firstName": "Steve",
			"lastName": "Donnelly"
		},
		"sales": 17581677,
		"genre": "Platformer",
		"description": "Tugrik"
	},
	{
		"nombre": "Avon Security users",
		"idJuego": 209,
		"desarrollador": "Telltale",
		"fechaLanzamiento": "2011-04-09T11:49:57.665Z",
		"leadDesigner": {
			"firstName": "Katrina",
			"lastName": "Blick"
		},
		"sales": 5686396,
		"genre": "Platformer",
		"description": "Afghani"
	},
	{
		"nombre": "facilitate Brunei",
		"idJuego": 210,
		"desarrollador": "Infinity Ward",
		"fechaLanzamiento": "1990-04-17T02:33:43.219Z",
		"leadDesigner": {
			"firstName": "Ricky",
			"lastName": "Friesen"
		},
		"sales": 16438155,
		"genre": "RPG",
		"description": "Concrete Dollar"
	},
	{
		"nombre": "attitude Arkansas",
		"idJuego": 211,
		"desarrollador": "Telltale",
		"fechaLanzamiento": "2003-07-07T04:37:45.416Z",
		"leadDesigner": {
			"firstName": "Edythe",
			"lastName": "Jacobson"
		},
		"sales": 18433678,
		"genre": "MOBA",
		"description": "Metal"
	},
	{
		"nombre": "Towels deposit Soap",
		"idJuego": 212,
		"desarrollador": "Telltale",
		"fechaLanzamiento": "2014-11-11T08:39:32.569Z",
		"leadDesigner": {
			"firstName": "Justen",
			"lastName": "Schowalter"
		},
		"sales": 12338718,
		"genre": "Platformer",
		"description": "discrete Identity Global"
	},
	{
		"nombre": "Legacy",
		"idJuego": 213,
		"desarrollador": "Skybound",
		"fechaLanzamiento": "1987-05-01T16:51:32.117Z",
		"leadDesigner": {
			"firstName": "Eulalia",
			"lastName": "Lowe"
		},
		"sales": 14981458,
		"genre": "FPS",
		"description": "Table Ways"
	},
	{
		"nombre": "deliverables Somali",
		"idJuego": 214,
		"desarrollador": "Bungie",
		"fechaLanzamiento": "2012-11-12T12:37:45.126Z",
		"leadDesigner": {
			"firstName": "Retta",
			"lastName": "Prosacco"
		},
		"sales": 27405168,
		"genre": "RPG",
		"description": "system Salad Grove"
	},
	{
		"nombre": "Keyboard Concrete",
		"idJuego": 215,
		"desarrollador": "2kGames",
		"fechaLanzamiento": "1995-09-18T01:35:18.604Z",
		"leadDesigner": {
			"firstName": "Jackson",
			"lastName": "Quitzon"
		},
		"sales": 27865091,
		"genre": "RPG",
		"description": "Music Multi-lateral"
	},
	{
		"nombre": "Buckinghamshire Producer",
		"idJuego": 216,
		"desarrollador": "343 Industries",
		"fechaLanzamiento": "1990-02-17T08:01:43.796Z",
		"leadDesigner": {
			"firstName": "Nathanial",
			"lastName": "Macejkovic"
		},
		"sales": 16121348,
		"genre": "Racing",
		"description": "viral Product International"
	},
	{
		"nombre": "deposit",
		"idJuego": 217,
		"desarrollador": "Mojang",
		"fechaLanzamiento": "2012-03-06T06:28:33.716Z",
		"leadDesigner": {
			"firstName": "Trycia",
			"lastName": "Bosco"
		},
		"sales": 27816171,
		"genre": "RPG",
		"description": "Kiribati reinvent turquoise"
	},
	{
		"nombre": "SAS",
		"idJuego": 218,
		"desarrollador": "Ubisoft",
		"fechaLanzamiento": "2006-02-24T12:06:52.202Z",
		"leadDesigner": {
			"firstName": "Allan",
			"lastName": "Dach"
		},
		"sales": 24998144,
		"genre": "MOBA",
		"description": "Handcrafted"
	},
	{
		"nombre": "interface Kroon matrix",
		"idJuego": 219,
		"desarrollador": "Mojang",
		"fechaLanzamiento": "2019-04-03T17:09:39.930Z",
		"leadDesigner": {
			"firstName": "Lila",
			"lastName": "Ortiz"
		},
		"sales": 27425199,
		"genre": "Adventure",
		"description": "Mobility streamline"
	},
	{
		"nombre": "BCEAO compressing Cotton",
		"idJuego": 220,
		"desarrollador": "Bungie",
		"fechaLanzamiento": "2022-08-13T13:38:29.568Z",
		"leadDesigner": {
			"firstName": "Ofelia",
			"lastName": "Dickinson"
		},
		"sales": 15731500,
		"genre": "Adventure",
		"description": "e-markets quantifying"
	},
	{
		"nombre": "Response Dollar",
		"idJuego": 221,
		"desarrollador": "Mojang",
		"fechaLanzamiento": "1998-12-25T16:58:30.753Z",
		"leadDesigner": {
			"firstName": "Kip",
			"lastName": "Fay"
		},
		"sales": 19171082,
		"genre": "Adventure",
		"description": "Rustic deposit"
	},
	{
		"nombre": "Proactive",
		"idJuego": 222,
		"desarrollador": "2kGames",
		"fechaLanzamiento": "2017-05-25T04:57:28.558Z",
		"leadDesigner": {
			"firstName": "Ferne",
			"lastName": "Herman"
		},
		"sales": 2133393,
		"genre": "RPG",
		"description": "Beauty vortals"
	},
	{
		"nombre": "Greece global",
		"idJuego": 223,
		"desarrollador": "Ubisoft",
		"fechaLanzamiento": "2004-07-13T08:00:37.745Z",
		"leadDesigner": {
			"firstName": "Anita",
			"lastName": "Weber"
		},
		"sales": 8518182,
		"genre": "RPG",
		"description": "Ville"
	},
	{
		"nombre": "connecting of",
		"idJuego": 224,
		"desarrollador": "Infinity Ward",
		"fechaLanzamiento": "2011-11-24T11:32:39.142Z",
		"leadDesigner": {
			"firstName": "Myrtle",
			"lastName": "Goodwin"
		},
		"sales": 20016131,
		"genre": "Racing",
		"description": "back-end XSS"
	},
	{
		"nombre": "value-added green grey",
		"idJuego": 225,
		"desarrollador": "343 Industries",
		"fechaLanzamiento": "2015-10-24T08:52:25.569Z",
		"leadDesigner": {
			"firstName": "Stewart",
			"lastName": "Gutmann"
		},
		"sales": 23425665,
		"genre": "RPG",
		"description": "Home Virgin incentivize"
	},
	{
		"nombre": "wireless Crossroad bypass",
		"idJuego": 226,
		"desarrollador": "Infinity Ward",
		"fechaLanzamiento": "2004-08-15T21:01:07.098Z",
		"leadDesigner": {
			"firstName": "Edgardo",
			"lastName": "Cassin"
		},
		"sales": 26035019,
		"genre": "Fighting",
		"description": "withdrawal Facilitator"
	},
	{
		"nombre": "Handmade Platinum Grove",
		"idJuego": 227,
		"desarrollador": "Bungie",
		"fechaLanzamiento": "2021-08-12T01:57:08.517Z",
		"leadDesigner": {
			"firstName": "Laurel",
			"lastName": "Gerhold"
		},
		"sales": 6311542,
		"genre": "Fighting",
		"description": "Wooden up"
	},
	{
		"nombre": "Account Incredible Maryland",
		"idJuego": 228,
		"desarrollador": "Mojang",
		"fechaLanzamiento": "1998-07-12T11:50:55.690Z",
		"leadDesigner": {
			"firstName": "Broderick",
			"lastName": "Waelchi"
		},
		"sales": 26733763,
		"genre": "Sandbox",
		"description": "next-generation Orchestrator"
	},
	{
		"nombre": "Producer Sausages",
		"idJuego": 229,
		"desarrollador": "Telltale",
		"fechaLanzamiento": "1991-11-19T22:48:32.993Z",
		"leadDesigner": {
			"firstName": "Lulu",
			"lastName": "Jaskolski"
		},
		"sales": 20954566,
		"genre": "RPG",
		"description": "Road"
	},
	{
		"nombre": "International Representative",
		"idJuego": 230,
		"desarrollador": "2kGames",
		"fechaLanzamiento": "2004-05-16T01:08:10.963Z",
		"leadDesigner": {
			"firstName": "Roman",
			"lastName": "Wunsch"
		},
		"sales": 9522412,
		"genre": "Adventure",
		"description": "Metal vertical Lights"
	},
	{
		"nombre": "Checking",
		"idJuego": 231,
		"desarrollador": "Skybound",
		"fechaLanzamiento": "2004-11-23T08:57:31.734Z",
		"leadDesigner": {
			"firstName": "Ashton",
			"lastName": "Marks"
		},
		"sales": 27312047,
		"genre": "MOBA",
		"description": "Metal"
	},
	{
		"nombre": "artificial Trail input",
		"idJuego": 232,
		"desarrollador": "Mojang",
		"fechaLanzamiento": "1997-07-02T06:13:07.166Z",
		"leadDesigner": {
			"firstName": "Nikita",
			"lastName": "Schamberger"
		},
		"sales": 13143712,
		"genre": "Racing",
		"description": "Overpass"
	},
	{
		"nombre": "parsing intranet Tenge",
		"idJuego": 233,
		"desarrollador": "Ubisoft",
		"fechaLanzamiento": "2010-05-02T10:01:22.021Z",
		"leadDesigner": {
			"firstName": "Rosie",
			"lastName": "Koepp"
		},
		"sales": 14327805,
		"genre": "Platformer",
		"description": "Spur"
	},
	{
		"nombre": "Home Nebraska tan",
		"idJuego": 234,
		"desarrollador": "Skybound",
		"fechaLanzamiento": "2018-07-28T11:39:54.980Z",
		"leadDesigner": {
			"firstName": "Greta",
			"lastName": "Wilkinson"
		},
		"sales": 20761091,
		"genre": "RPG",
		"description": "Loan"
	},
	{
		"nombre": "contextually-based synergistic",
		"idJuego": 235,
		"desarrollador": "Skybound",
		"fechaLanzamiento": "2016-09-02T01:52:27.606Z",
		"leadDesigner": {
			"firstName": "Keely",
			"lastName": "Gerlach"
		},
		"sales": 27585649,
		"genre": "Adventure",
		"description": "transmitter redundant"
	},
	{
		"nombre": "deposit Ergonomic",
		"idJuego": 236,
		"desarrollador": "343 Industries",
		"fechaLanzamiento": "2015-09-26T00:20:02.692Z",
		"leadDesigner": {
			"firstName": "Chester",
			"lastName": "Glover"
		},
		"sales": 23355859,
		"genre": "Fighting",
		"description": "Market Handcrafted Money"
	},
	{
		"nombre": "Human",
		"idJuego": 237,
		"desarrollador": "Ubisoft",
		"fechaLanzamiento": "2006-12-22T10:48:54.667Z",
		"leadDesigner": {
			"firstName": "Dorthy",
			"lastName": "Konopelski"
		},
		"sales": 19823525,
		"genre": "RPG",
		"description": "solution-oriented Wooden"
	},
	{
		"nombre": "Nebraska compress Integration",
		"idJuego": 238,
		"desarrollador": "Ubisoft",
		"fechaLanzamiento": "2019-03-03T04:05:21.451Z",
		"leadDesigner": {
			"firstName": "Sabryna",
			"lastName": "Conn"
		},
		"sales": 18413895,
		"genre": "MOBA",
		"description": "hierarchy attitude Function-based"
	},
	{
		"nombre": "Frozen Handcrafted SCSI",
		"idJuego": 239,
		"desarrollador": "Skybound",
		"fechaLanzamiento": "1988-03-14T02:57:32.453Z",
		"leadDesigner": {
			"firstName": "King",
			"lastName": "Gibson"
		},
		"sales": 4425879,
		"genre": "Sandbox",
		"description": "microchip"
	},
	{
		"nombre": "Sports Jamaica",
		"idJuego": 240,
		"desarrollador": "Telltale",
		"fechaLanzamiento": "2005-11-15T07:02:02.658Z",
		"leadDesigner": {
			"firstName": "Vella",
			"lastName": "Green"
		},
		"sales": 4338278,
		"genre": "FPS",
		"description": "Uganda gold Dollar"
	},
	{
		"nombre": "Practical",
		"idJuego": 241,
		"desarrollador": "343 Industries",
		"fechaLanzamiento": "2010-08-18T01:42:53.868Z",
		"leadDesigner": {
			"firstName": "Clara",
			"lastName": "Marvin"
		},
		"sales": 29080875,
		"genre": "Sandbox",
		"description": "incentivize communities Canyon"
	},
	{
		"nombre": "Cambridgeshire",
		"idJuego": 242,
		"desarrollador": "343 Industries",
		"fechaLanzamiento": "2001-08-29T19:07:17.430Z",
		"leadDesigner": {
			"firstName": "Lora",
			"lastName": "Greenfelder"
		},
		"sales": 21823079,
		"genre": "Platformer",
		"description": "Granite Roads"
	},
	{
		"nombre": "killer Awesome Multi-tiered",
		"idJuego": 243,
		"desarrollador": "Infinity Ward",
		"fechaLanzamiento": "2001-07-04T09:22:56.867Z",
		"leadDesigner": {
			"firstName": "Hazle",
			"lastName": "Dietrich"
		},
		"sales": 1160802,
		"genre": "MOBA",
		"description": "virtual bus Computer"
	},
	{
		"nombre": "exploit edge",
		"idJuego": 244,
		"desarrollador": "343 Industries",
		"fechaLanzamiento": "2007-03-04T11:49:26.680Z",
		"leadDesigner": {
			"firstName": "Billie",
			"lastName": "Goodwin"
		},
		"sales": 1613238,
		"genre": "Racing",
		"description": "Cliffs 24/7"
	},
	{
		"nombre": "Car payment",
		"idJuego": 245,
		"desarrollador": "2kGames",
		"fechaLanzamiento": "2004-06-03T09:33:37.077Z",
		"leadDesigner": {
			"firstName": "Claudie",
			"lastName": "Prosacco"
		},
		"sales": 10488403,
		"genre": "Fighting",
		"description": "Shirt generate"
	},
	{
		"nombre": "calculate Managed holistic",
		"idJuego": 246,
		"desarrollador": "Mojang",
		"fechaLanzamiento": "1994-07-30T17:12:23.180Z",
		"leadDesigner": {
			"firstName": "Solon",
			"lastName": "Lueilwitz"
		},
		"sales": 3042656,
		"genre": "Adventure",
		"description": "generate"
	},
	{
		"nombre": "Toys",
		"idJuego": 247,
		"desarrollador": "Ubisoft",
		"fechaLanzamiento": "2009-05-10T13:11:24.250Z",
		"leadDesigner": {
			"firstName": "Shanny",
			"lastName": "Schiller"
		},
		"sales": 23310681,
		"genre": "MOBA",
		"description": "global Directives Handmade"
	},
	{
		"nombre": "Outdoors Cook online",
		"idJuego": 248,
		"desarrollador": "Ubisoft",
		"fechaLanzamiento": "2014-10-20T17:03:00.559Z",
		"leadDesigner": {
			"firstName": "Hanna",
			"lastName": "Kuvalis"
		},
		"sales": 21246687,
		"genre": "Platformer",
		"description": "Handmade TCP Directives"
	},
	{
		"nombre": "Grocery Turnpike Programmable",
		"idJuego": 249,
		"desarrollador": "Bungie",
		"fechaLanzamiento": "1991-12-06T22:23:29.095Z",
		"leadDesigner": {
			"firstName": "Andres",
			"lastName": "Moen"
		},
		"sales": 19080715,
		"genre": "Sandbox",
		"description": "Lead"
	},
	{
		"nombre": "drive",
		"idJuego": 250,
		"desarrollador": "343 Industries",
		"fechaLanzamiento": "1996-10-04T18:51:44.642Z",
		"leadDesigner": {
			"firstName": "Hermina",
			"lastName": "Marquardt"
		},
		"sales": 27596432,
		"genre": "FPS",
		"description": "bypass calculate"
	},
	{
		"nombre": "parsing Concrete",
		"idJuego": 251,
		"desarrollador": "Telltale",
		"fechaLanzamiento": "2023-06-16T06:03:05.167Z",
		"leadDesigner": {
			"firstName": "Shaun",
			"lastName": "Murphy"
		},
		"sales": 18571114,
		"genre": "Adventure",
		"description": "Stravenue"
	},
	{
		"nombre": "purple orange plum",
		"idJuego": 252,
		"desarrollador": "Mojang",
		"fechaLanzamiento": "2000-10-07T21:39:10.179Z",
		"leadDesigner": {
			"firstName": "Sheridan",
			"lastName": "Veum"
		},
		"sales": 19207571,
		"genre": "RPG",
		"description": "payment"
	},
	{
		"nombre": "Streamlined",
		"idJuego": 253,
		"desarrollador": "343 Industries",
		"fechaLanzamiento": "2011-01-25T07:29:32.684Z",
		"leadDesigner": {
			"firstName": "Sarina",
			"lastName": "Monahan"
		},
		"sales": 28332203,
		"genre": "Racing",
		"description": "pixel"
	},
	{
		"nombre": "Hill",
		"idJuego": 254,
		"desarrollador": "Bungie",
		"fechaLanzamiento": "2006-05-12T22:26:29.803Z",
		"leadDesigner": {
			"firstName": "Mathew",
			"lastName": "Miller"
		},
		"sales": 12158787,
		"genre": "RPG",
		"description": "Terrace"
	},
	{
		"nombre": "Buckinghamshire Berkshire Movies",
		"idJuego": 255,
		"desarrollador": "Skybound",
		"fechaLanzamiento": "2012-11-18T12:15:37.088Z",
		"leadDesigner": {
			"firstName": "Moshe",
			"lastName": "Wehner"
		},
		"sales": 25135062,
		"genre": "Platformer",
		"description": "line"
	},
	{
		"nombre": "enable",
		"idJuego": 256,
		"desarrollador": "Telltale",
		"fechaLanzamiento": "1988-06-20T12:45:59.017Z",
		"leadDesigner": {
			"firstName": "Axel",
			"lastName": "Leannon"
		},
		"sales": 23863674,
		"genre": "MOBA",
		"description": "bus"
	},
	{
		"nombre": "Wooden Iowa analyzer",
		"idJuego": 257,
		"desarrollador": "343 Industries",
		"fechaLanzamiento": "1994-09-18T04:08:32.836Z",
		"leadDesigner": {
			"firstName": "Fredy",
			"lastName": "Swift"
		},
		"sales": 19135040,
		"genre": "Racing",
		"description": "Bahamian"
	},
	{
		"nombre": "Sleek",
		"idJuego": 258,
		"desarrollador": "Bungie",
		"fechaLanzamiento": "2008-05-24T10:56:45.377Z",
		"leadDesigner": {
			"firstName": "Isobel",
			"lastName": "Connelly"
		},
		"sales": 7110771,
		"genre": "MOBA",
		"description": "Oregon"
	},
	{
		"nombre": "olive",
		"idJuego": 259,
		"desarrollador": "Infinity Ward",
		"fechaLanzamiento": "2024-06-30T12:56:25.377Z",
		"leadDesigner": {
			"firstName": "Vince",
			"lastName": "Satterfield"
		},
		"sales": 1724933,
		"genre": "FPS",
		"description": "Concrete"
	},
	{
		"nombre": "empower Home transmitter",
		"idJuego": 260,
		"desarrollador": "Skybound",
		"fechaLanzamiento": "2022-02-20T14:12:36.964Z",
		"leadDesigner": {
			"firstName": "Grayce",
			"lastName": "Brakus"
		},
		"sales": 22070632,
		"genre": "Sandbox",
		"description": "explicit"
	},
	{
		"nombre": "Soft 24/7 JSON",
		"idJuego": 261,
		"desarrollador": "Infinity Ward",
		"fechaLanzamiento": "2017-10-22T11:06:47.036Z",
		"leadDesigner": {
			"firstName": "Leif",
			"lastName": "Stamm"
		},
		"sales": 18677365,
		"genre": "Racing",
		"description": "Human microchip monetize"
	},
	{
		"nombre": "port",
		"idJuego": 262,
		"desarrollador": "Ubisoft",
		"fechaLanzamiento": "2000-09-17T06:33:04.351Z",
		"leadDesigner": {
			"firstName": "Thea",
			"lastName": "Dicki"
		},
		"sales": 9504539,
		"genre": "Racing",
		"description": "Nevada Union"
	},
	{
		"nombre": "Licensed Home Jewelery",
		"idJuego": 263,
		"desarrollador": "Ubisoft",
		"fechaLanzamiento": "2019-05-01T23:55:41.427Z",
		"leadDesigner": {
			"firstName": "Unique",
			"lastName": "Halvorson"
		},
		"sales": 6583001,
		"genre": "Racing",
		"description": "auxiliary"
	},
	{
		"nombre": "Awesome",
		"idJuego": 264,
		"desarrollador": "Telltale",
		"fechaLanzamiento": "1995-04-10T07:40:57.251Z",
		"leadDesigner": {
			"firstName": "Abigail",
			"lastName": "Jones"
		},
		"sales": 11438801,
		"genre": "RPG",
		"description": "index Identity Operations"
	},
	{
		"nombre": "Soft Cambridgeshire override",
		"idJuego": 265,
		"desarrollador": "Mojang",
		"fechaLanzamiento": "1993-11-21T14:00:02.188Z",
		"leadDesigner": {
			"firstName": "Ozella",
			"lastName": "Weissnat"
		},
		"sales": 4317374,
		"genre": "RPG",
		"description": "convergence"
	},
	{
		"nombre": "Carolina initiatives",
		"idJuego": 266,
		"desarrollador": "Telltale",
		"fechaLanzamiento": "2011-03-22T19:47:52.666Z",
		"leadDesigner": {
			"firstName": "Carlie",
			"lastName": "Parisian"
		},
		"sales": 29894742,
		"genre": "RPG",
		"description": "Coordinator system Savings"
	},
	{
		"nombre": "Fish Polarised blue",
		"idJuego": 267,
		"desarrollador": "Infinity Ward",
		"fechaLanzamiento": "2005-10-20T23:00:30.407Z",
		"leadDesigner": {
			"firstName": "Ike",
			"lastName": "Schowalter"
		},
		"sales": 29391289,
		"genre": "Racing",
		"description": "red Papua overriding"
	},
	{
		"nombre": "ROI Club",
		"idJuego": 268,
		"desarrollador": "343 Industries",
		"fechaLanzamiento": "1994-07-16T04:39:06.557Z",
		"leadDesigner": {
			"firstName": "Adele",
			"lastName": "Haag"
		},
		"sales": 17342409,
		"genre": "RPG",
		"description": "PCI De-engineered Tools"
	},
	{
		"nombre": "analyzer Sausages up",
		"idJuego": 269,
		"desarrollador": "Ubisoft",
		"fechaLanzamiento": "2000-06-09T09:53:37.722Z",
		"leadDesigner": {
			"firstName": "Vivien",
			"lastName": "Marvin"
		},
		"sales": 14770392,
		"genre": "Platformer",
		"description": "Coordinator parsing customer"
	},
	{
		"nombre": "Investor Avon Metal",
		"idJuego": 270,
		"desarrollador": "Skybound",
		"fechaLanzamiento": "1986-09-30T05:59:50.155Z",
		"leadDesigner": {
			"firstName": "Mara",
			"lastName": "Goodwin"
		},
		"sales": 16035537,
		"genre": "Fighting",
		"description": "Frozen auxiliary navigate"
	},
	{
		"nombre": "orchid parallelism Money",
		"idJuego": 271,
		"desarrollador": "Skybound",
		"fechaLanzamiento": "1995-02-15T04:52:03.182Z",
		"leadDesigner": {
			"firstName": "Ana",
			"lastName": "Aufderhar"
		},
		"sales": 28089436,
		"genre": "Adventure",
		"description": "Progressive"
	},
	{
		"nombre": "Movies",
		"idJuego": 272,
		"desarrollador": "Mojang",
		"fechaLanzamiento": "1993-04-17T11:33:20.237Z",
		"leadDesigner": {
			"firstName": "Cristobal",
			"lastName": "Heller"
		},
		"sales": 12679335,
		"genre": "Racing",
		"description": "Tasty International Games"
	},
	{
		"nombre": "web Computer",
		"idJuego": 273,
		"desarrollador": "Infinity Ward",
		"fechaLanzamiento": "2014-10-18T09:40:01.703Z",
		"leadDesigner": {
			"firstName": "Kristopher",
			"lastName": "Hauck"
		},
		"sales": 18241249,
		"genre": "RPG",
		"description": "SQL Sausages"
	},
	{
		"nombre": "Valleys Minnesota",
		"idJuego": 274,
		"desarrollador": "Infinity Ward",
		"fechaLanzamiento": "2022-06-30T23:57:10.018Z",
		"leadDesigner": {
			"firstName": "Ruben",
			"lastName": "Powlowski"
		},
		"sales": 19184229,
		"genre": "Sandbox",
		"description": "asynchronous primary Towels"
	},
	{
		"nombre": "cultivate",
		"idJuego": 275,
		"desarrollador": "Bungie",
		"fechaLanzamiento": "2008-10-16T15:45:48.227Z",
		"leadDesigner": {
			"firstName": "Sonny",
			"lastName": "Jaskolski"
		},
		"sales": 8054527,
		"genre": "Sandbox",
		"description": "Chair"
	},
	{
		"nombre": "Unbranded",
		"idJuego": 276,
		"desarrollador": "Skybound",
		"fechaLanzamiento": "1991-08-18T18:28:52.572Z",
		"leadDesigner": {
			"firstName": "Jeffry",
			"lastName": "Nikolaus"
		},
		"sales": 11118406,
		"genre": "MOBA",
		"description": "Persevering"
	},
	{
		"nombre": "Kazakhstan",
		"idJuego": 277,
		"desarrollador": "Bungie",
		"fechaLanzamiento": "2014-12-03T02:37:39.331Z",
		"leadDesigner": {
			"firstName": "Rachael",
			"lastName": "Miller"
		},
		"sales": 3493474,
		"genre": "Fighting",
		"description": "concept boliviano"
	},
	{
		"nombre": "magnetic Orchestrator",
		"idJuego": 278,
		"desarrollador": "Bungie",
		"fechaLanzamiento": "2023-06-05T12:18:13.276Z",
		"leadDesigner": {
			"firstName": "Jess",
			"lastName": "Hodkiewicz"
		},
		"sales": 3431393,
		"genre": "FPS",
		"description": "purple transitional"
	},
	{
		"nombre": "Saudi white",
		"idJuego": 279,
		"desarrollador": "Bungie",
		"fechaLanzamiento": "2024-01-07T15:31:55.070Z",
		"leadDesigner": {
			"firstName": "Raheem",
			"lastName": "Bogan"
		},
		"sales": 17249302,
		"genre": "MOBA",
		"description": "index Handmade"
	},
	{
		"nombre": "Run Ball Steel",
		"idJuego": 280,
		"desarrollador": "343 Industries",
		"fechaLanzamiento": "2002-09-06T18:51:21.875Z",
		"leadDesigner": {
			"firstName": "Yasmine",
			"lastName": "Graham"
		},
		"sales": 11658958,
		"genre": "FPS",
		"description": "orange"
	},
	{
		"nombre": "Leu California",
		"idJuego": 281,
		"desarrollador": "Infinity Ward",
		"fechaLanzamiento": "1998-10-14T08:53:37.116Z",
		"leadDesigner": {
			"firstName": "Santa",
			"lastName": "Larkin"
		},
		"sales": 8164554,
		"genre": "Sandbox",
		"description": "Principal systems Jewelery"
	},
	{
		"nombre": "clicks-and-mortar Uruguayo",
		"idJuego": 282,
		"desarrollador": "2kGames",
		"fechaLanzamiento": "2004-06-20T21:05:33.052Z",
		"leadDesigner": {
			"firstName": "Tressa",
			"lastName": "Wolf"
		},
		"sales": 19166358,
		"genre": "FPS",
		"description": "payment Account"
	},
	{
		"nombre": "turn-key discrete context-sensitive",
		"idJuego": 283,
		"desarrollador": "Telltale",
		"fechaLanzamiento": "1987-06-26T04:05:31.050Z",
		"leadDesigner": {
			"firstName": "Dillon",
			"lastName": "Ritchie"
		},
		"sales": 24153685,
		"genre": "FPS",
		"description": "Pizza"
	},
	{
		"nombre": "Money reboot",
		"idJuego": 284,
		"desarrollador": "343 Industries",
		"fechaLanzamiento": "1994-10-13T01:12:16.920Z",
		"leadDesigner": {
			"firstName": "Lorine",
			"lastName": "Marquardt"
		},
		"sales": 3878905,
		"genre": "Platformer",
		"description": "empower Beauty"
	},
	{
		"nombre": "Hat neutral orchid",
		"idJuego": 285,
		"desarrollador": "Mojang",
		"fechaLanzamiento": "2019-06-08T15:19:53.214Z",
		"leadDesigner": {
			"firstName": "Adrian",
			"lastName": "Hintz"
		},
		"sales": 6124255,
		"genre": "FPS",
		"description": "Bacon"
	},
	{
		"nombre": "Tasty",
		"idJuego": 286,
		"desarrollador": "Telltale",
		"fechaLanzamiento": "2024-01-10T06:54:05.376Z",
		"leadDesigner": {
			"firstName": "Janet",
			"lastName": "Hartmann"
		},
		"sales": 21477879,
		"genre": "Racing",
		"description": "transmitter up"
	},
	{
		"nombre": "invoice mindshare",
		"idJuego": 287,
		"desarrollador": "2kGames",
		"fechaLanzamiento": "2003-04-23T01:51:47.331Z",
		"leadDesigner": {
			"firstName": "Eileen",
			"lastName": "Torp"
		},
		"sales": 3310041,
		"genre": "Adventure",
		"description": "capability"
	},
	{
		"nombre": "Saint",
		"idJuego": 288,
		"desarrollador": "Bungie",
		"fechaLanzamiento": "1991-01-23T21:42:56.771Z",
		"leadDesigner": {
			"firstName": "Deangelo",
			"lastName": "Feil"
		},
		"sales": 27355441,
		"genre": "Adventure",
		"description": "generate Soft"
	},
	{
		"nombre": "Avon neutral flexibility",
		"idJuego": 289,
		"desarrollador": "Bungie",
		"fechaLanzamiento": "1996-06-27T18:51:06.243Z",
		"leadDesigner": {
			"firstName": "Berry",
			"lastName": "Mertz"
		},
		"sales": 13251245,
		"genre": "MOBA",
		"description": "compressing JSON Cotton"
	},
	{
		"nombre": "Ergonomic up Buckinghamshire",
		"idJuego": 290,
		"desarrollador": "Mojang",
		"fechaLanzamiento": "1996-01-02T07:21:41.242Z",
		"leadDesigner": {
			"firstName": "Reyes",
			"lastName": "Hoppe"
		},
		"sales": 29012185,
		"genre": "FPS",
		"description": "Personal infrastructure"
	},
	{
		"nombre": "Fantastic cross-platform",
		"idJuego": 291,
		"desarrollador": "Mojang",
		"fechaLanzamiento": "2018-03-22T14:05:10.622Z",
		"leadDesigner": {
			"firstName": "Quincy",
			"lastName": "Haley"
		},
		"sales": 21073863,
		"genre": "Racing",
		"description": "Manors User feed"
	},
	{
		"nombre": "Grenadines",
		"idJuego": 292,
		"desarrollador": "Telltale",
		"fechaLanzamiento": "1986-09-17T15:58:06.693Z",
		"leadDesigner": {
			"firstName": "Sam",
			"lastName": "Hirthe"
		},
		"sales": 13931656,
		"genre": "Racing",
		"description": "Rapids"
	},
	{
		"nombre": "Plastic info-mediaries programming",
		"idJuego": 293,
		"desarrollador": "Mojang",
		"fechaLanzamiento": "2001-01-03T19:39:27.629Z",
		"leadDesigner": {
			"firstName": "Pascale",
			"lastName": "Brown"
		},
		"sales": 8172646,
		"genre": "Fighting",
		"description": "JBOD Panama"
	},
	{
		"nombre": "Programmable",
		"idJuego": 294,
		"desarrollador": "343 Industries",
		"fechaLanzamiento": "2001-07-27T22:36:33.988Z",
		"leadDesigner": {
			"firstName": "Mattie",
			"lastName": "McGlynn"
		},
		"sales": 1915796,
		"genre": "FPS",
		"description": "Throughway Cambridgeshire Gloves"
	},
	{
		"nombre": "Specialist Books Gloves",
		"idJuego": 295,
		"desarrollador": "Ubisoft",
		"fechaLanzamiento": "2008-09-14T06:42:35.109Z",
		"leadDesigner": {
			"firstName": "Lawson",
			"lastName": "Rutherford"
		},
		"sales": 22060913,
		"genre": "FPS",
		"description": "Forint copy"
	},
	{
		"nombre": "Progressive Buckinghamshire transform",
		"idJuego": 296,
		"desarrollador": "Infinity Ward",
		"fechaLanzamiento": "1999-08-30T04:54:19.917Z",
		"leadDesigner": {
			"firstName": "Burley",
			"lastName": "Adams"
		},
		"sales": 5972413,
		"genre": "MOBA",
		"description": "capacitor Chips Burg"
	},
	{
		"nombre": "orange invoice hack",
		"idJuego": 297,
		"desarrollador": "343 Industries",
		"fechaLanzamiento": "1996-02-18T04:40:44.611Z",
		"leadDesigner": {
			"firstName": "Lisa",
			"lastName": "Keeling"
		},
		"sales": 28574007,
		"genre": "Sandbox",
		"description": "generate Lead initiatives"
	},
	{
		"nombre": "payment copy",
		"idJuego": 298,
		"desarrollador": "Bungie",
		"fechaLanzamiento": "2000-10-04T13:56:23.794Z",
		"leadDesigner": {
			"firstName": "Tyrel",
			"lastName": "Heaney"
		},
		"sales": 27346019,
		"genre": "Platformer",
		"description": "Auto"
	},
	{
		"nombre": "payment out-of-the-box 24/365",
		"idJuego": 299,
		"desarrollador": "Bungie",
		"fechaLanzamiento": "2019-04-19T10:21:13.996Z",
		"leadDesigner": {
			"firstName": "Celestino",
			"lastName": "Pouros"
		},
		"sales": 22077964,
		"genre": "MOBA",
		"description": "primary override"
	},
	{
		"nombre": "transmit Account Technician",
		"idJuego": 300,
		"desarrollador": "Mojang",
		"fechaLanzamiento": "2016-04-11T09:52:57.399Z",
		"leadDesigner": {
			"firstName": "Minerva",
			"lastName": "Abernathy"
		},
		"sales": 19006518,
		"genre": "Adventure",
		"description": "Supervisor copying"
	},
	{
		"nombre": "Total",
		"idJuego": 301,
		"desarrollador": "Mojang",
		"fechaLanzamiento": "1998-05-25T20:53:26.248Z",
		"leadDesigner": {
			"firstName": "Cassandra",
			"lastName": "Stoltenberg"
		},
		"sales": 20082378,
		"genre": "Adventure",
		"description": "ROI"
	},
	{
		"nombre": "Dollar Paradigm transmit",
		"idJuego": 302,
		"desarrollador": "Telltale",
		"fechaLanzamiento": "1996-07-11T12:29:19.863Z",
		"leadDesigner": {
			"firstName": "Keaton",
			"lastName": "Dicki"
		},
		"sales": 6249260,
		"genre": "FPS",
		"description": "back-end payment indexing"
	},
	{
		"nombre": "Guinea-Bissau",
		"idJuego": 303,
		"desarrollador": "Infinity Ward",
		"fechaLanzamiento": "1987-04-29T17:04:29.357Z",
		"leadDesigner": {
			"firstName": "Janice",
			"lastName": "Lowe"
		},
		"sales": 8587767,
		"genre": "FPS",
		"description": "auxiliary"
	},
	{
		"nombre": "eyeballs bluetooth web-readiness",
		"idJuego": 304,
		"desarrollador": "Telltale",
		"fechaLanzamiento": "1997-10-02T02:36:47.918Z",
		"leadDesigner": {
			"firstName": "Isidro",
			"lastName": "Huel"
		},
		"sales": 7646808,
		"genre": "RPG",
		"description": "Licensed SQL driver"
	},
	{
		"nombre": "Soft Granite",
		"idJuego": 305,
		"desarrollador": "Infinity Ward",
		"fechaLanzamiento": "2004-06-23T06:08:35.081Z",
		"leadDesigner": {
			"firstName": "Ewell",
			"lastName": "Jenkins"
		},
		"sales": 12625798,
		"genre": "Racing",
		"description": "Chief"
	},
	{
		"nombre": "Investor Andorra",
		"idJuego": 306,
		"desarrollador": "Skybound",
		"fechaLanzamiento": "1989-03-29T08:04:08.362Z",
		"leadDesigner": {
			"firstName": "Telly",
			"lastName": "Smith"
		},
		"sales": 12648788,
		"genre": "Adventure",
		"description": "Intelligent Program Liaison"
	},
	{
		"nombre": "plug-and-play",
		"idJuego": 307,
		"desarrollador": "Infinity Ward",
		"fechaLanzamiento": "2009-09-15T07:08:46.206Z",
		"leadDesigner": {
			"firstName": "Margret",
			"lastName": "Powlowski"
		},
		"sales": 19148455,
		"genre": "MOBA",
		"description": "Refined integrated BCEAO"
	},
	{
		"nombre": "modular",
		"idJuego": 308,
		"desarrollador": "Bungie",
		"fechaLanzamiento": "2003-03-14T13:10:09.750Z",
		"leadDesigner": {
			"firstName": "Jamarcus",
			"lastName": "Schumm"
		},
		"sales": 10681686,
		"genre": "Adventure",
		"description": "harness Home Realigned"
	},
	{
		"nombre": "Versatile Switchable Electronics",
		"idJuego": 309,
		"desarrollador": "Ubisoft",
		"fechaLanzamiento": "2006-08-20T22:14:49.168Z",
		"leadDesigner": {
			"firstName": "Vincenza",
			"lastName": "Glover"
		},
		"sales": 14625115,
		"genre": "Sandbox",
		"description": "system-worthy"
	},
	{
		"nombre": "Communications",
		"idJuego": 310,
		"desarrollador": "Mojang",
		"fechaLanzamiento": "2015-08-11T14:27:28.519Z",
		"leadDesigner": {
			"firstName": "Harold",
			"lastName": "Rohan"
		},
		"sales": 20402388,
		"genre": "Fighting",
		"description": "matrix"
	},
	{
		"nombre": "Islands",
		"idJuego": 311,
		"desarrollador": "343 Industries",
		"fechaLanzamiento": "2000-11-14T03:37:43.926Z",
		"leadDesigner": {
			"firstName": "Jodie",
			"lastName": "Kreiger"
		},
		"sales": 24801680,
		"genre": "FPS",
		"description": "Electronics magenta Re-contextualized"
	},
	{
		"nombre": "Oregon",
		"idJuego": 312,
		"desarrollador": "Infinity Ward",
		"fechaLanzamiento": "2013-02-09T05:56:53.598Z",
		"leadDesigner": {
			"firstName": "Vincenzo",
			"lastName": "Renner"
		},
		"sales": 16195627,
		"genre": "Sandbox",
		"description": "iterate"
	},
	{
		"nombre": "blue",
		"idJuego": 313,
		"desarrollador": "Mojang",
		"fechaLanzamiento": "1998-01-09T10:23:48.460Z",
		"leadDesigner": {
			"firstName": "Louie",
			"lastName": "Willms"
		},
		"sales": 4759759,
		"genre": "Platformer",
		"description": "driver"
	},
	{
		"nombre": "Unbranded (Malvinas)",
		"idJuego": 314,
		"desarrollador": "343 Industries",
		"fechaLanzamiento": "2024-01-03T10:41:21.851Z",
		"leadDesigner": {
			"firstName": "Marilie",
			"lastName": "Windler"
		},
		"sales": 24276200,
		"genre": "FPS",
		"description": "User-centric navigating"
	},
	{
		"nombre": "Ethiopian Hungary Fundamental",
		"idJuego": 315,
		"desarrollador": "Ubisoft",
		"fechaLanzamiento": "2015-01-13T07:37:57.424Z",
		"leadDesigner": {
			"firstName": "Elsa",
			"lastName": "Barrows"
		},
		"sales": 13719153,
		"genre": "Adventure",
		"description": "Borders Maine Compatible"
	},
	{
		"nombre": "Account encryption discrete",
		"idJuego": 316,
		"desarrollador": "Infinity Ward",
		"fechaLanzamiento": "2017-05-17T10:20:33.301Z",
		"leadDesigner": {
			"firstName": "Gustave",
			"lastName": "Kutch"
		},
		"sales": 10918867,
		"genre": "Platformer",
		"description": "Metal Triple-buffered"
	},
	{
		"nombre": "Generic",
		"idJuego": 317,
		"desarrollador": "343 Industries",
		"fechaLanzamiento": "2013-05-29T18:59:02.061Z",
		"leadDesigner": {
			"firstName": "Gabriella",
			"lastName": "Crooks"
		},
		"sales": 18718303,
		"genre": "Platformer",
		"description": "Solutions primary"
	},
	{
		"nombre": "capacitor seamless",
		"idJuego": 318,
		"desarrollador": "Ubisoft",
		"fechaLanzamiento": "1996-07-29T09:52:52.262Z",
		"leadDesigner": {
			"firstName": "Ramiro",
			"lastName": "Considine"
		},
		"sales": 26556034,
		"genre": "MOBA",
		"description": "content Representative Vermont"
	},
	{
		"nombre": "bypassing mission-critical architecture",
		"idJuego": 319,
		"desarrollador": "Skybound",
		"fechaLanzamiento": "1991-09-20T08:34:47.637Z",
		"leadDesigner": {
			"firstName": "Savannah",
			"lastName": "Ryan"
		},
		"sales": 25695202,
		"genre": "RPG",
		"description": "deposit Rustic Assurance"
	},
	{
		"nombre": "Global",
		"idJuego": 320,
		"desarrollador": "Bungie",
		"fechaLanzamiento": "1987-09-15T08:35:57.036Z",
		"leadDesigner": {
			"firstName": "Robin",
			"lastName": "Reinger"
		},
		"sales": 17918539,
		"genre": "Adventure",
		"description": "Metal"
	},
	{
		"nombre": "Bolivia West",
		"idJuego": 321,
		"desarrollador": "2kGames",
		"fechaLanzamiento": "1993-12-06T07:05:06.686Z",
		"leadDesigner": {
			"firstName": "Emery",
			"lastName": "Predovic"
		},
		"sales": 3210920,
		"genre": "Sandbox",
		"description": "Sleek"
	},
	{
		"nombre": "Sri Niue",
		"idJuego": 322,
		"desarrollador": "Ubisoft",
		"fechaLanzamiento": "2006-01-22T12:28:16.193Z",
		"leadDesigner": {
			"firstName": "Mossie",
			"lastName": "Heidenreich"
		},
		"sales": 21690157,
		"genre": "RPG",
		"description": "yellow Generic"
	},
	{
		"nombre": "South leading-edge",
		"idJuego": 323,
		"desarrollador": "Bungie",
		"fechaLanzamiento": "2015-08-08T12:55:24.417Z",
		"leadDesigner": {
			"firstName": "Elijah",
			"lastName": "Pollich"
		},
		"sales": 12856978,
		"genre": "Platformer",
		"description": "Uganda Taiwan reboot"
	},
	{
		"nombre": "Concrete matrix",
		"idJuego": 324,
		"desarrollador": "Bungie",
		"fechaLanzamiento": "2005-11-28T21:09:51.908Z",
		"leadDesigner": {
			"firstName": "Porter",
			"lastName": "Witting"
		},
		"sales": 6279340,
		"genre": "Sandbox",
		"description": "District"
	},
	{
		"nombre": "gold Glen system",
		"idJuego": 325,
		"desarrollador": "Skybound",
		"fechaLanzamiento": "1996-08-20T00:45:56.650Z",
		"leadDesigner": {
			"firstName": "Harmony",
			"lastName": "Nicolas"
		},
		"sales": 15251050,
		"genre": "FPS",
		"description": "Hollow Health"
	},
	{
		"nombre": "Barbados",
		"idJuego": 326,
		"desarrollador": "Skybound",
		"fechaLanzamiento": "1994-05-18T11:33:55.499Z",
		"leadDesigner": {
			"firstName": "Amely",
			"lastName": "Runolfsdottir"
		},
		"sales": 12621948,
		"genre": "FPS",
		"description": "Mills"
	},
	{
		"nombre": "Factors",
		"idJuego": 327,
		"desarrollador": "Bungie",
		"fechaLanzamiento": "2003-12-08T00:35:42.030Z",
		"leadDesigner": {
			"firstName": "Hudson",
			"lastName": "Williamson"
		},
		"sales": 24420597,
		"genre": "FPS",
		"description": "silver Regional"
	},
	{
		"nombre": "Steel",
		"idJuego": 328,
		"desarrollador": "2kGames",
		"fechaLanzamiento": "1989-01-19T14:10:14.921Z",
		"leadDesigner": {
			"firstName": "Monroe",
			"lastName": "Koss"
		},
		"sales": 10836927,
		"genre": "Fighting",
		"description": "calculating e-tailers"
	},
	{
		"nombre": "redundant",
		"idJuego": 329,
		"desarrollador": "Bungie",
		"fechaLanzamiento": "2023-09-08T15:26:55.810Z",
		"leadDesigner": {
			"firstName": "Madie",
			"lastName": "Farrell"
		},
		"sales": 17324494,
		"genre": "FPS",
		"description": "intangible invoice"
	},
	{
		"nombre": "Brand",
		"idJuego": 330,
		"desarrollador": "343 Industries",
		"fechaLanzamiento": "2006-05-25T07:49:32.228Z",
		"leadDesigner": {
			"firstName": "Dennis",
			"lastName": "Schneider"
		},
		"sales": 25972114,
		"genre": "Racing",
		"description": "Salad SQL"
	},
	{
		"nombre": "Cloned",
		"idJuego": 331,
		"desarrollador": "Telltale",
		"fechaLanzamiento": "1989-09-30T22:35:28.140Z",
		"leadDesigner": {
			"firstName": "Ericka",
			"lastName": "Osinski"
		},
		"sales": 14877968,
		"genre": "RPG",
		"description": "transmit portal"
	},
	{
		"nombre": "optical Rubber",
		"idJuego": 332,
		"desarrollador": "Mojang",
		"fechaLanzamiento": "2015-10-16T06:54:40.479Z",
		"leadDesigner": {
			"firstName": "Everette",
			"lastName": "Feil"
		},
		"sales": 9521426,
		"genre": "Platformer",
		"description": "back"
	},
	{
		"nombre": "incubate Legacy Executive",
		"idJuego": 333,
		"desarrollador": "Ubisoft",
		"fechaLanzamiento": "2003-11-24T09:47:25.380Z",
		"leadDesigner": {
			"firstName": "Kian",
			"lastName": "Walsh"
		},
		"sales": 6237072,
		"genre": "Sandbox",
		"description": "plug-and-play"
	},
	{
		"nombre": "Sahara",
		"idJuego": 334,
		"desarrollador": "Infinity Ward",
		"fechaLanzamiento": "2016-07-25T16:57:38.781Z",
		"leadDesigner": {
			"firstName": "Tyra",
			"lastName": "Yundt"
		},
		"sales": 6921026,
		"genre": "FPS",
		"description": "program Mouse"
	},
	{
		"nombre": "HDD implement Metal",
		"idJuego": 335,
		"desarrollador": "Telltale",
		"fechaLanzamiento": "2018-07-07T20:32:24.916Z",
		"leadDesigner": {
			"firstName": "Drew",
			"lastName": "Schinner"
		},
		"sales": 17564312,
		"genre": "FPS",
		"description": "parse"
	},
	{
		"nombre": "Table SMS",
		"idJuego": 336,
		"desarrollador": "2kGames",
		"fechaLanzamiento": "2010-07-29T20:09:13.700Z",
		"leadDesigner": {
			"firstName": "Salvador",
			"lastName": "Paucek"
		},
		"sales": 9197088,
		"genre": "FPS",
		"description": "Nebraska fuchsia Dynamic"
	},
	{
		"nombre": "lavender",
		"idJuego": 337,
		"desarrollador": "Bungie",
		"fechaLanzamiento": "1988-04-17T11:20:18.261Z",
		"leadDesigner": {
			"firstName": "Vivien",
			"lastName": "Walter"
		},
		"sales": 24840644,
		"genre": "RPG",
		"description": "Principal"
	},
	{
		"nombre": "New channels",
		"idJuego": 338,
		"desarrollador": "Skybound",
		"fechaLanzamiento": "2020-08-05T02:05:38.148Z",
		"leadDesigner": {
			"firstName": "Fredrick",
			"lastName": "Terry"
		},
		"sales": 22151406,
		"genre": "Platformer",
		"description": "Throughway Checking"
	},
	{
		"nombre": "driver dynamic",
		"idJuego": 339,
		"desarrollador": "Bungie",
		"fechaLanzamiento": "1990-11-22T13:38:31.089Z",
		"leadDesigner": {
			"firstName": "Kathlyn",
			"lastName": "Moen"
		},
		"sales": 22755241,
		"genre": "Platformer",
		"description": "Account white Direct"
	},
	{
		"nombre": "embrace RSS Outdoors",
		"idJuego": 340,
		"desarrollador": "Bungie",
		"fechaLanzamiento": "1994-12-01T13:55:30.647Z",
		"leadDesigner": {
			"firstName": "Vernon",
			"lastName": "Zemlak"
		},
		"sales": 25334810,
		"genre": "RPG",
		"description": "Unbranded technologies"
	},
	{
		"nombre": "network transition",
		"idJuego": 341,
		"desarrollador": "2kGames",
		"fechaLanzamiento": "2012-05-28T21:04:09.360Z",
		"leadDesigner": {
			"firstName": "Florian",
			"lastName": "Rice"
		},
		"sales": 1123522,
		"genre": "Adventure",
		"description": "Investor Synergized bypassing"
	},
	{
		"nombre": "Account database GB",
		"idJuego": 342,
		"desarrollador": "Mojang",
		"fechaLanzamiento": "1988-08-10T03:42:45.186Z",
		"leadDesigner": {
			"firstName": "Hassan",
			"lastName": "Kuhic"
		},
		"sales": 8145269,
		"genre": "RPG",
		"description": "interfaces"
	},
	{
		"nombre": "Gorgeous Dynamic silver",
		"idJuego": 343,
		"desarrollador": "Skybound",
		"fechaLanzamiento": "2002-02-26T17:23:44.487Z",
		"leadDesigner": {
			"firstName": "Anissa",
			"lastName": "Thompson"
		},
		"sales": 1548057,
		"genre": "Racing",
		"description": "SQL"
	},
	{
		"nombre": "Hawaii Clothing",
		"idJuego": 344,
		"desarrollador": "Bungie",
		"fechaLanzamiento": "1990-04-04T07:48:56.841Z",
		"leadDesigner": {
			"firstName": "Jace",
			"lastName": "Blanda"
		},
		"sales": 6472797,
		"genre": "Sandbox",
		"description": "teal Dollar Small"
	},
	{
		"nombre": "Refined",
		"idJuego": 345,
		"desarrollador": "343 Industries",
		"fechaLanzamiento": "2017-03-23T23:31:21.883Z",
		"leadDesigner": {
			"firstName": "Dandre",
			"lastName": "Smith"
		},
		"sales": 29527602,
		"genre": "Adventure",
		"description": "Investment"
	},
	{
		"nombre": "tangible Refined Centralized",
		"idJuego": 346,
		"desarrollador": "Infinity Ward",
		"fechaLanzamiento": "2013-08-03T09:57:26.177Z",
		"leadDesigner": {
			"firstName": "Laila",
			"lastName": "Senger"
		},
		"sales": 7372965,
		"genre": "RPG",
		"description": "Buckinghamshire purple fresh-thinking"
	},
	{
		"nombre": "firewall Shoes",
		"idJuego": 347,
		"desarrollador": "Telltale",
		"fechaLanzamiento": "2006-10-04T08:13:18.437Z",
		"leadDesigner": {
			"firstName": "Andre",
			"lastName": "Hilpert"
		},
		"sales": 25740723,
		"genre": "Adventure",
		"description": "Cheese"
	},
	{
		"nombre": "override",
		"idJuego": 348,
		"desarrollador": "Bungie",
		"fechaLanzamiento": "1993-01-13T13:34:56.265Z",
		"leadDesigner": {
			"firstName": "Juana",
			"lastName": "Senger"
		},
		"sales": 2950324,
		"genre": "RPG",
		"description": "Assurance white connect"
	},
	{
		"nombre": "systemic Handmade",
		"idJuego": 349,
		"desarrollador": "Bungie",
		"fechaLanzamiento": "2012-12-09T15:46:06.269Z",
		"leadDesigner": {
			"firstName": "Anibal",
			"lastName": "Dickinson"
		},
		"sales": 14042331,
		"genre": "Adventure",
		"description": "Synergistic Soap Bedfordshire"
	},
	{
		"nombre": "payment Plastic",
		"idJuego": 350,
		"desarrollador": "Bungie",
		"fechaLanzamiento": "1997-03-13T19:33:38.021Z",
		"leadDesigner": {
			"firstName": "Cristina",
			"lastName": "Greenholt"
		},
		"sales": 3719087,
		"genre": "FPS",
		"description": "orange"
	},
	{
		"nombre": "Buckinghamshire National",
		"idJuego": 351,
		"desarrollador": "Ubisoft",
		"fechaLanzamiento": "1992-02-16T07:35:38.469Z",
		"leadDesigner": {
			"firstName": "Gerry",
			"lastName": "Reynolds"
		},
		"sales": 22315540,
		"genre": "FPS",
		"description": "deploy reintermediate infrastructure"
	},
	{
		"nombre": "Via pixel optical",
		"idJuego": 352,
		"desarrollador": "2kGames",
		"fechaLanzamiento": "2011-07-21T23:53:10.772Z",
		"leadDesigner": {
			"firstName": "Cyrus",
			"lastName": "Sawayn"
		},
		"sales": 20858603,
		"genre": "FPS",
		"description": "Industrial"
	},
	{
		"nombre": "Cheese structure",
		"idJuego": 353,
		"desarrollador": "343 Industries",
		"fechaLanzamiento": "2017-02-09T22:46:55.645Z",
		"leadDesigner": {
			"firstName": "Maynard",
			"lastName": "Bayer"
		},
		"sales": 11289722,
		"genre": "Racing",
		"description": "Concrete Rustic"
	},
	{
		"nombre": "California THX",
		"idJuego": 354,
		"desarrollador": "Ubisoft",
		"fechaLanzamiento": "2012-01-14T04:13:25.436Z",
		"leadDesigner": {
			"firstName": "Esther",
			"lastName": "Rowe"
		},
		"sales": 8807446,
		"genre": "Adventure",
		"description": "help-desk"
	},
	{
		"nombre": "bypass",
		"idJuego": 355,
		"desarrollador": "Telltale",
		"fechaLanzamiento": "2005-06-03T15:21:07.361Z",
		"leadDesigner": {
			"firstName": "Clifford",
			"lastName": "Olson"
		},
		"sales": 13372581,
		"genre": "Fighting",
		"description": "Car"
	},
	{
		"nombre": "Electronics bypassing",
		"idJuego": 356,
		"desarrollador": "Infinity Ward",
		"fechaLanzamiento": "2000-05-07T02:54:16.752Z",
		"leadDesigner": {
			"firstName": "Hilbert",
			"lastName": "Rath"
		},
		"sales": 7902377,
		"genre": "MOBA",
		"description": "Grocery Executive Unbranded"
	},
	{
		"nombre": "Handmade Expanded workforce",
		"idJuego": 357,
		"desarrollador": "Skybound",
		"fechaLanzamiento": "2005-03-01T18:31:12.663Z",
		"leadDesigner": {
			"firstName": "Randy",
			"lastName": "Kuhn"
		},
		"sales": 18962458,
		"genre": "Platformer",
		"description": "SQL Business-focused"
	},
	{
		"nombre": "Marketing COM quantifying",
		"idJuego": 358,
		"desarrollador": "Mojang",
		"fechaLanzamiento": "2006-06-21T00:55:43.737Z",
		"leadDesigner": {
			"firstName": "Pearlie",
			"lastName": "Stracke"
		},
		"sales": 9081041,
		"genre": "Fighting",
		"description": "Account tan"
	},
	{
		"nombre": "ADP Chair",
		"idJuego": 359,
		"desarrollador": "Telltale",
		"fechaLanzamiento": "2018-09-07T23:13:03.950Z",
		"leadDesigner": {
			"firstName": "Olaf",
			"lastName": "Mraz"
		},
		"sales": 8410524,
		"genre": "MOBA",
		"description": "Marino Avon"
	},
	{
		"nombre": "revolutionary",
		"idJuego": 360,
		"desarrollador": "343 Industries",
		"fechaLanzamiento": "2016-09-30T16:38:51.610Z",
		"leadDesigner": {
			"firstName": "Nellie",
			"lastName": "Purdy"
		},
		"sales": 9413384,
		"genre": "Platformer",
		"description": "Producer Integration"
	},
	{
		"nombre": "management",
		"idJuego": 361,
		"desarrollador": "Ubisoft",
		"fechaLanzamiento": "1992-06-27T03:02:34.291Z",
		"leadDesigner": {
			"firstName": "Margaret",
			"lastName": "Padberg"
		},
		"sales": 17031608,
		"genre": "Racing",
		"description": "Industrial Car Australian"
	},
	{
		"nombre": "Books Plastic",
		"idJuego": 362,
		"desarrollador": "343 Industries",
		"fechaLanzamiento": "2004-12-04T12:23:27.698Z",
		"leadDesigner": {
			"firstName": "Liana",
			"lastName": "Barton"
		},
		"sales": 20190603,
		"genre": "Racing",
		"description": "directional New Optimization"
	},
	{
		"nombre": "Gorgeous Jewelery Computer",
		"idJuego": 363,
		"desarrollador": "343 Industries",
		"fechaLanzamiento": "2015-12-25T16:12:25.466Z",
		"leadDesigner": {
			"firstName": "Gideon",
			"lastName": "Schaden"
		},
		"sales": 11222251,
		"genre": "Racing",
		"description": "system Paradigm"
	},
	{
		"nombre": "Producer optical",
		"idJuego": 364,
		"desarrollador": "Ubisoft",
		"fechaLanzamiento": "2017-01-19T02:54:28.727Z",
		"leadDesigner": {
			"firstName": "Michale",
			"lastName": "Ullrich"
		},
		"sales": 1670857,
		"genre": "Sandbox",
		"description": "projection Credit"
	},
	{
		"nombre": "deposit back customized",
		"idJuego": 365,
		"desarrollador": "Skybound",
		"fechaLanzamiento": "2006-03-13T14:41:10.865Z",
		"leadDesigner": {
			"firstName": "Lue",
			"lastName": "Price"
		},
		"sales": 3499202,
		"genre": "Racing",
		"description": "override Tactics frictionless"
	},
	{
		"nombre": "Rhode",
		"idJuego": 366,
		"desarrollador": "343 Industries",
		"fechaLanzamiento": "1992-10-23T12:15:11.132Z",
		"leadDesigner": {
			"firstName": "Ryann",
			"lastName": "Corkery"
		},
		"sales": 25251537,
		"genre": "Racing",
		"description": "Palau"
	},
	{
		"nombre": "Cliffs Producer",
		"idJuego": 367,
		"desarrollador": "Bungie",
		"fechaLanzamiento": "2021-08-25T09:44:39.865Z",
		"leadDesigner": {
			"firstName": "Braxton",
			"lastName": "Lakin"
		},
		"sales": 29639647,
		"genre": "MOBA",
		"description": "out-of-the-box"
	},
	{
		"nombre": "networks hierarchy Gorgeous",
		"idJuego": 368,
		"desarrollador": "Mojang",
		"fechaLanzamiento": "2019-12-31T11:38:55.718Z",
		"leadDesigner": {
			"firstName": "Grayson",
			"lastName": "Flatley"
		},
		"sales": 2117306,
		"genre": "Fighting",
		"description": "envisioneer"
	},
	{
		"nombre": "Avon",
		"idJuego": 369,
		"desarrollador": "Bungie",
		"fechaLanzamiento": "2020-06-17T12:41:54.917Z",
		"leadDesigner": {
			"firstName": "Gladys",
			"lastName": "Herzog"
		},
		"sales": 8691730,
		"genre": "MOBA",
		"description": "sky"
	},
	{
		"nombre": "Glen application",
		"idJuego": 370,
		"desarrollador": "Infinity Ward",
		"fechaLanzamiento": "1999-04-23T08:29:35.758Z",
		"leadDesigner": {
			"firstName": "Taylor",
			"lastName": "Nikolaus"
		},
		"sales": 27039540,
		"genre": "Platformer",
		"description": "HTTP Tactics Mobility"
	},
	{
		"nombre": "Fish Account",
		"idJuego": 371,
		"desarrollador": "343 Industries",
		"fechaLanzamiento": "1993-01-24T16:24:20.636Z",
		"leadDesigner": {
			"firstName": "Jaquan",
			"lastName": "Sporer"
		},
		"sales": 2734042,
		"genre": "MOBA",
		"description": "optical hack"
	},
	{
		"nombre": "Implementation JBOD",
		"idJuego": 372,
		"desarrollador": "Ubisoft",
		"fechaLanzamiento": "1994-07-29T12:27:01.113Z",
		"leadDesigner": {
			"firstName": "Albertha",
			"lastName": "Hilpert"
		},
		"sales": 20153130,
		"genre": "RPG",
		"description": "Handcrafted"
	},
	{
		"nombre": "Village",
		"idJuego": 373,
		"desarrollador": "2kGames",
		"fechaLanzamiento": "1994-07-13T12:34:48.855Z",
		"leadDesigner": {
			"firstName": "Brando",
			"lastName": "Farrell"
		},
		"sales": 10596736,
		"genre": "MOBA",
		"description": "solution-oriented"
	},
	{
		"nombre": "back-end generate",
		"idJuego": 374,
		"desarrollador": "Mojang",
		"fechaLanzamiento": "2013-08-25T11:04:15.583Z",
		"leadDesigner": {
			"firstName": "Jannie",
			"lastName": "Runte"
		},
		"sales": 9560280,
		"genre": "FPS",
		"description": "Guinea"
	},
	{
		"nombre": "indexing Litas Customer",
		"idJuego": 375,
		"desarrollador": "Telltale",
		"fechaLanzamiento": "1999-08-04T05:35:14.801Z",
		"leadDesigner": {
			"firstName": "Karen",
			"lastName": "Stamm"
		},
		"sales": 12050093,
		"genre": "FPS",
		"description": "brand"
	},
	{
		"nombre": "FTP",
		"idJuego": 376,
		"desarrollador": "Telltale",
		"fechaLanzamiento": "1993-05-25T09:32:20.373Z",
		"leadDesigner": {
			"firstName": "Yadira",
			"lastName": "Schmitt"
		},
		"sales": 15200456,
		"genre": "RPG",
		"description": "Fantastic capacitor Chicken"
	},
	{
		"nombre": "24 Designer Berkshire",
		"idJuego": 377,
		"desarrollador": "Skybound",
		"fechaLanzamiento": "2004-07-14T05:41:28.446Z",
		"leadDesigner": {
			"firstName": "Dora",
			"lastName": "Gottlieb"
		},
		"sales": 11045460,
		"genre": "Fighting",
		"description": "Uruguay backing generate"
	},
	{
		"nombre": "Cotton Home Checking",
		"idJuego": 378,
		"desarrollador": "Infinity Ward",
		"fechaLanzamiento": "2017-10-18T18:59:36.948Z",
		"leadDesigner": {
			"firstName": "Greta",
			"lastName": "Thiel"
		},
		"sales": 26324537,
		"genre": "Adventure",
		"description": "Account secondary"
	},
	{
		"nombre": "dedicated",
		"idJuego": 379,
		"desarrollador": "Mojang",
		"fechaLanzamiento": "2018-08-03T17:28:02.005Z",
		"leadDesigner": {
			"firstName": "Cathrine",
			"lastName": "Hand"
		},
		"sales": 12737508,
		"genre": "Fighting",
		"description": "Steel Cliffs invoice"
	},
	{
		"nombre": "Avon copying Practical",
		"idJuego": 380,
		"desarrollador": "Bungie",
		"fechaLanzamiento": "1988-10-10T21:55:12.732Z",
		"leadDesigner": {
			"firstName": "Oran",
			"lastName": "Lind"
		},
		"sales": 23464653,
		"genre": "Adventure",
		"description": "Branding deposit"
	},
	{
		"nombre": "Forward Plastic",
		"idJuego": 381,
		"desarrollador": "Telltale",
		"fechaLanzamiento": "1993-12-15T18:48:49.720Z",
		"leadDesigner": {
			"firstName": "Isac",
			"lastName": "Streich"
		},
		"sales": 2527131,
		"genre": "MOBA",
		"description": "Silver SAS Maldives"
	},
	{
		"nombre": "payment Rubber Incredible",
		"idJuego": 382,
		"desarrollador": "Skybound",
		"fechaLanzamiento": "2022-01-07T21:26:51.714Z",
		"leadDesigner": {
			"firstName": "Uriel",
			"lastName": "Predovic"
		},
		"sales": 11215383,
		"genre": "RPG",
		"description": "Global"
	},
	{
		"nombre": "intermediate",
		"idJuego": 383,
		"desarrollador": "Skybound",
		"fechaLanzamiento": "2001-07-21T04:35:26.102Z",
		"leadDesigner": {
			"firstName": "Arthur",
			"lastName": "O'Kon"
		},
		"sales": 9590281,
		"genre": "Adventure",
		"description": "mobile Division Dynamic"
	},
	{
		"nombre": "cutting-edge",
		"idJuego": 384,
		"desarrollador": "Bungie",
		"fechaLanzamiento": "2023-10-03T12:35:44.464Z",
		"leadDesigner": {
			"firstName": "Alexa",
			"lastName": "White"
		},
		"sales": 17592390,
		"genre": "Adventure",
		"description": "Awesome seamless"
	},
	{
		"nombre": "payment target",
		"idJuego": 385,
		"desarrollador": "Telltale",
		"fechaLanzamiento": "2004-10-14T21:13:41.335Z",
		"leadDesigner": {
			"firstName": "Nettie",
			"lastName": "Lowe"
		},
		"sales": 12569491,
		"genre": "Sandbox",
		"description": "invoice neural"
	},
	{
		"nombre": "input North",
		"idJuego": 386,
		"desarrollador": "Infinity Ward",
		"fechaLanzamiento": "2019-12-21T02:19:30.565Z",
		"leadDesigner": {
			"firstName": "Kylee",
			"lastName": "Kemmer"
		},
		"sales": 11101457,
		"genre": "Adventure",
		"description": "gold disintermediate redundant"
	},
	{
		"nombre": "Metal interfaces Manager",
		"idJuego": 387,
		"desarrollador": "Skybound",
		"fechaLanzamiento": "2002-03-26T19:35:03.906Z",
		"leadDesigner": {
			"firstName": "Pat",
			"lastName": "Jacobi"
		},
		"sales": 29933111,
		"genre": "MOBA",
		"description": "green Assistant Pizza"
	},
	{
		"nombre": "state",
		"idJuego": 388,
		"desarrollador": "Ubisoft",
		"fechaLanzamiento": "1990-12-04T10:58:25.463Z",
		"leadDesigner": {
			"firstName": "Petra",
			"lastName": "Leannon"
		},
		"sales": 16853693,
		"genre": "Racing",
		"description": "Checking blockchains auxiliary"
	},
	{
		"nombre": "Car",
		"idJuego": 389,
		"desarrollador": "Bungie",
		"fechaLanzamiento": "1993-02-17T17:23:17.947Z",
		"leadDesigner": {
			"firstName": "Marilou",
			"lastName": "Little"
		},
		"sales": 9075198,
		"genre": "Sandbox",
		"description": "Universal"
	},
	{
		"nombre": "optical",
		"idJuego": 390,
		"desarrollador": "Telltale",
		"fechaLanzamiento": "2019-03-07T23:56:47.866Z",
		"leadDesigner": {
			"firstName": "Nelson",
			"lastName": "Kessler"
		},
		"sales": 3348430,
		"genre": "Adventure",
		"description": "Dynamic Orchestrator Global"
	},
	{
		"nombre": "calculating Concrete online",
		"idJuego": 391,
		"desarrollador": "Skybound",
		"fechaLanzamiento": "2021-05-29T13:11:19.089Z",
		"leadDesigner": {
			"firstName": "Tyra",
			"lastName": "O'Keefe"
		},
		"sales": 5963108,
		"genre": "Sandbox",
		"description": "Data Senior Monitored"
	},
	{
		"nombre": "collaborative mission-critical Refined",
		"idJuego": 392,
		"desarrollador": "Skybound",
		"fechaLanzamiento": "2006-03-24T21:16:50.853Z",
		"leadDesigner": {
			"firstName": "Foster",
			"lastName": "McKenzie"
		},
		"sales": 12735709,
		"genre": "Racing",
		"description": "Officer"
	},
	{
		"nombre": "initiatives morph",
		"idJuego": 393,
		"desarrollador": "Telltale",
		"fechaLanzamiento": "1987-03-15T08:40:44.461Z",
		"leadDesigner": {
			"firstName": "Bo",
			"lastName": "Schmidt"
		},
		"sales": 15481027,
		"genre": "Fighting",
		"description": "aggregate"
	},
	{
		"nombre": "purple",
		"idJuego": 394,
		"desarrollador": "Telltale",
		"fechaLanzamiento": "2009-12-06T03:08:26.458Z",
		"leadDesigner": {
			"firstName": "Beulah",
			"lastName": "Orn"
		},
		"sales": 21613409,
		"genre": "Platformer",
		"description": "Awesome Marketing"
	},
	{
		"nombre": "Operations Program synthesize",
		"idJuego": 395,
		"desarrollador": "343 Industries",
		"fechaLanzamiento": "1994-10-23T22:33:16.432Z",
		"leadDesigner": {
			"firstName": "Leone",
			"lastName": "Will"
		},
		"sales": 21202485,
		"genre": "Adventure",
		"description": "Handcrafted Mauritania"
	},
	{
		"nombre": "ivory Coordinator",
		"idJuego": 396,
		"desarrollador": "Skybound",
		"fechaLanzamiento": "2024-09-17T20:00:06.568Z",
		"leadDesigner": {
			"firstName": "Pasquale",
			"lastName": "Mohr"
		},
		"sales": 19913381,
		"genre": "MOBA",
		"description": "hard"
	},
	{
		"nombre": "back ivory local",
		"idJuego": 397,
		"desarrollador": "Telltale",
		"fechaLanzamiento": "2006-10-15T13:35:11.973Z",
		"leadDesigner": {
			"firstName": "Maritza",
			"lastName": "Hessel"
		},
		"sales": 12305126,
		"genre": "Racing",
		"description": "Optimization"
	},
	{
		"nombre": "cross-platform",
		"idJuego": 398,
		"desarrollador": "Skybound",
		"fechaLanzamiento": "2007-12-19T05:15:47.511Z",
		"leadDesigner": {
			"firstName": "Antonetta",
			"lastName": "Huel"
		},
		"sales": 6214015,
		"genre": "Fighting",
		"description": "Lead Fall"
	},
	{
		"nombre": "envisioneer",
		"idJuego": 399,
		"desarrollador": "343 Industries",
		"fechaLanzamiento": "1993-05-14T08:25:13.840Z",
		"leadDesigner": {
			"firstName": "Paxton",
			"lastName": "Huels"
		},
		"sales": 21549125,
		"genre": "MOBA",
		"description": "Rand Glen"
	},
	{
		"nombre": "Research",
		"idJuego": 400,
		"desarrollador": "Skybound",
		"fechaLanzamiento": "1995-08-23T06:56:00.711Z",
		"leadDesigner": {
			"firstName": "Crystal",
			"lastName": "Zboncak"
		},
		"sales": 26466789,
		"genre": "MOBA",
		"description": "Cheese Turnpike Small"
	},
	{
		"nombre": "TCP maroon",
		"idJuego": 401,
		"desarrollador": "343 Industries",
		"fechaLanzamiento": "1996-01-23T11:48:32.222Z",
		"leadDesigner": {
			"firstName": "Cornelius",
			"lastName": "Weissnat"
		},
		"sales": 28370435,
		"genre": "Fighting",
		"description": "open-source high-level Car"
	},
	{
		"nombre": "Industrial Franc Stream",
		"idJuego": 402,
		"desarrollador": "Ubisoft",
		"fechaLanzamiento": "2005-12-28T07:56:46.536Z",
		"leadDesigner": {
			"firstName": "Estefania",
			"lastName": "Price"
		},
		"sales": 8410198,
		"genre": "Racing",
		"description": "Borders JBOD Plastic"
	},
	{
		"nombre": "primary Tasty",
		"idJuego": 403,
		"desarrollador": "Bungie",
		"fechaLanzamiento": "2012-07-03T17:19:27.333Z",
		"leadDesigner": {
			"firstName": "Rickey",
			"lastName": "Lueilwitz"
		},
		"sales": 2142039,
		"genre": "Fighting",
		"description": "Developer value-added compressing"
	},
	{
		"nombre": "Chief",
		"idJuego": 404,
		"desarrollador": "Telltale",
		"fechaLanzamiento": "1992-12-16T21:40:35.265Z",
		"leadDesigner": {
			"firstName": "Leilani",
			"lastName": "Metz"
		},
		"sales": 18858119,
		"genre": "Sandbox",
		"description": "bandwidth relationships"
	},
	{
		"nombre": "withdrawal Ergonomic",
		"idJuego": 405,
		"desarrollador": "Skybound",
		"fechaLanzamiento": "2018-09-25T04:22:36.241Z",
		"leadDesigner": {
			"firstName": "Lamont",
			"lastName": "Greenholt"
		},
		"sales": 25594945,
		"genre": "MOBA",
		"description": "Intuitive Dynamic Frozen"
	},
	{
		"nombre": "Web Steel Michigan",
		"idJuego": 406,
		"desarrollador": "Telltale",
		"fechaLanzamiento": "2004-02-27T13:23:02.455Z",
		"leadDesigner": {
			"firstName": "Kian",
			"lastName": "Nitzsche"
		},
		"sales": 5028828,
		"genre": "RPG",
		"description": "Seamless Frozen"
	},
	{
		"nombre": "North Plastic azure",
		"idJuego": 407,
		"desarrollador": "Mojang",
		"fechaLanzamiento": "2006-12-07T19:45:18.672Z",
		"leadDesigner": {
			"firstName": "Joanie",
			"lastName": "Jenkins"
		},
		"sales": 26511019,
		"genre": "RPG",
		"description": "Jewelery Silver Shoals"
	},
	{
		"nombre": "Texas",
		"idJuego": 408,
		"desarrollador": "2kGames",
		"fechaLanzamiento": "2021-07-15T04:15:47.522Z",
		"leadDesigner": {
			"firstName": "Cedrick",
			"lastName": "Feil"
		},
		"sales": 7307944,
		"genre": "RPG",
		"description": "British Refined"
	},
	{
		"nombre": "Unbranded",
		"idJuego": 409,
		"desarrollador": "2kGames",
		"fechaLanzamiento": "2012-09-16T23:16:05.886Z",
		"leadDesigner": {
			"firstName": "Lavina",
			"lastName": "Schaefer"
		},
		"sales": 6202829,
		"genre": "RPG",
		"description": "Multi-lateral Incredible"
	},
	{
		"nombre": "set Fresh",
		"idJuego": 410,
		"desarrollador": "Ubisoft",
		"fechaLanzamiento": "1999-05-16T21:49:07.591Z",
		"leadDesigner": {
			"firstName": "Jennifer",
			"lastName": "Marks"
		},
		"sales": 3804889,
		"genre": "Fighting",
		"description": "Human program XSS"
	},
	{
		"nombre": "copying",
		"idJuego": 411,
		"desarrollador": "Bungie",
		"fechaLanzamiento": "2003-10-22T20:12:38.427Z",
		"leadDesigner": {
			"firstName": "Alanis",
			"lastName": "Gutkowski"
		},
		"sales": 1388292,
		"genre": "MOBA",
		"description": "Loan"
	},
	{
		"nombre": "Baby Avon backing",
		"idJuego": 412,
		"desarrollador": "Infinity Ward",
		"fechaLanzamiento": "2019-01-20T22:38:32.884Z",
		"leadDesigner": {
			"firstName": "Clovis",
			"lastName": "Jones"
		},
		"sales": 5820230,
		"genre": "Fighting",
		"description": "Developer pink"
	},
	{
		"nombre": "Berkshire",
		"idJuego": 413,
		"desarrollador": "343 Industries",
		"fechaLanzamiento": "1988-12-01T09:22:20.276Z",
		"leadDesigner": {
			"firstName": "Yasmeen",
			"lastName": "Kuhn"
		},
		"sales": 27429295,
		"genre": "FPS",
		"description": "Shoes Gorgeous"
	},
	{
		"nombre": "AGP auxiliary",
		"idJuego": 414,
		"desarrollador": "Infinity Ward",
		"fechaLanzamiento": "1997-10-04T14:05:27.096Z",
		"leadDesigner": {
			"firstName": "Giovanna",
			"lastName": "Williamson"
		},
		"sales": 13249061,
		"genre": "Sandbox",
		"description": "cross-platform"
	},
	{
		"nombre": "Refined",
		"idJuego": 415,
		"desarrollador": "Telltale",
		"fechaLanzamiento": "1991-03-29T07:45:21.599Z",
		"leadDesigner": {
			"firstName": "Price",
			"lastName": "Mills"
		},
		"sales": 29213850,
		"genre": "Adventure",
		"description": "Lead Angola Tactics"
	},
	{
		"nombre": "Exclusive Avon",
		"idJuego": 416,
		"desarrollador": "Infinity Ward",
		"fechaLanzamiento": "1999-12-06T09:29:49.948Z",
		"leadDesigner": {
			"firstName": "Adela",
			"lastName": "Bergnaum"
		},
		"sales": 21448095,
		"genre": "FPS",
		"description": "website Buckinghamshire"
	},
	{
		"nombre": "Stand-alone deposit",
		"idJuego": 417,
		"desarrollador": "2kGames",
		"fechaLanzamiento": "1993-10-02T07:08:15.878Z",
		"leadDesigner": {
			"firstName": "Fern",
			"lastName": "Zieme"
		},
		"sales": 24927084,
		"genre": "RPG",
		"description": "bandwidth Beauty program"
	},
	{
		"nombre": "Toys approach calculate",
		"idJuego": 418,
		"desarrollador": "Skybound",
		"fechaLanzamiento": "2015-08-05T10:32:23.143Z",
		"leadDesigner": {
			"firstName": "Francesca",
			"lastName": "Thiel"
		},
		"sales": 6239941,
		"genre": "Fighting",
		"description": "revolutionary"
	},
	{
		"nombre": "Wooden transmitter Savings",
		"idJuego": 419,
		"desarrollador": "Mojang",
		"fechaLanzamiento": "1986-02-10T20:21:30.628Z",
		"leadDesigner": {
			"firstName": "Ernie",
			"lastName": "Greenholt"
		},
		"sales": 15286529,
		"genre": "Racing",
		"description": "COM"
	},
	{
		"nombre": "AGP interactive Guatemala",
		"idJuego": 420,
		"desarrollador": "2kGames",
		"fechaLanzamiento": "1986-12-20T13:12:06.600Z",
		"leadDesigner": {
			"firstName": "Green",
			"lastName": "Considine"
		},
		"sales": 7198934,
		"genre": "Racing",
		"description": "Won"
	},
	{
		"nombre": "Consultant optical",
		"idJuego": 421,
		"desarrollador": "Infinity Ward",
		"fechaLanzamiento": "1987-09-07T18:34:01.335Z",
		"leadDesigner": {
			"firstName": "Ted",
			"lastName": "Hane"
		},
		"sales": 28651854,
		"genre": "FPS",
		"description": "back overriding Handcrafted"
	},
	{
		"nombre": "generating Gloves",
		"idJuego": 422,
		"desarrollador": "Infinity Ward",
		"fechaLanzamiento": "2015-02-05T11:27:07.276Z",
		"leadDesigner": {
			"firstName": "Alfonso",
			"lastName": "Morar"
		},
		"sales": 19033267,
		"genre": "FPS",
		"description": "River Executive"
	},
	{
		"nombre": "port firewall Oklahoma",
		"idJuego": 423,
		"desarrollador": "Telltale",
		"fechaLanzamiento": "2015-05-01T06:40:55.206Z",
		"leadDesigner": {
			"firstName": "Florian",
			"lastName": "Schuppe"
		},
		"sales": 19114386,
		"genre": "Sandbox",
		"description": "hack"
	},
	{
		"nombre": "Rubber plug-and-play",
		"idJuego": 424,
		"desarrollador": "Bungie",
		"fechaLanzamiento": "1992-11-07T17:22:58.181Z",
		"leadDesigner": {
			"firstName": "Reginald",
			"lastName": "Block"
		},
		"sales": 23537172,
		"genre": "Fighting",
		"description": "override"
	},
	{
		"nombre": "Steel",
		"idJuego": 425,
		"desarrollador": "Bungie",
		"fechaLanzamiento": "2020-02-25T17:54:57.693Z",
		"leadDesigner": {
			"firstName": "Judd",
			"lastName": "Pacocha"
		},
		"sales": 16522153,
		"genre": "MOBA",
		"description": "Forward drive database"
	},
	{
		"nombre": "COM access Oregon",
		"idJuego": 426,
		"desarrollador": "Telltale",
		"fechaLanzamiento": "1997-09-18T12:48:33.115Z",
		"leadDesigner": {
			"firstName": "Alexandria",
			"lastName": "Feil"
		},
		"sales": 5100286,
		"genre": "Fighting",
		"description": "Buckinghamshire"
	},
	{
		"nombre": "Granite Account",
		"idJuego": 427,
		"desarrollador": "Telltale",
		"fechaLanzamiento": "2013-03-19T04:50:02.588Z",
		"leadDesigner": {
			"firstName": "Nyasia",
			"lastName": "Abernathy"
		},
		"sales": 17294013,
		"genre": "Adventure",
		"description": "budgetary"
	},
	{
		"nombre": "Massachusetts Convertible",
		"idJuego": 428,
		"desarrollador": "343 Industries",
		"fechaLanzamiento": "1993-08-06T12:48:02.244Z",
		"leadDesigner": {
			"firstName": "Lavern",
			"lastName": "Heller"
		},
		"sales": 18703803,
		"genre": "Sandbox",
		"description": "Engineer Ergonomic Mississippi"
	},
	{
		"nombre": "withdrawal",
		"idJuego": 429,
		"desarrollador": "343 Industries",
		"fechaLanzamiento": "1992-04-02T07:34:44.377Z",
		"leadDesigner": {
			"firstName": "Liza",
			"lastName": "Nader"
		},
		"sales": 22787371,
		"genre": "MOBA",
		"description": "digital Sum"
	},
	{
		"nombre": "Brook Zimbabwe Ball",
		"idJuego": 430,
		"desarrollador": "343 Industries",
		"fechaLanzamiento": "2004-04-28T19:35:51.684Z",
		"leadDesigner": {
			"firstName": "Heidi",
			"lastName": "Schaefer"
		},
		"sales": 7566922,
		"genre": "Platformer",
		"description": "reboot Granite"
	},
	{
		"nombre": "Secured",
		"idJuego": 431,
		"desarrollador": "Mojang",
		"fechaLanzamiento": "2004-12-30T18:30:25.084Z",
		"leadDesigner": {
			"firstName": "Angelica",
			"lastName": "McKenzie"
		},
		"sales": 10374818,
		"genre": "MOBA",
		"description": "program defect"
	},
	{
		"nombre": "Hat Steel Awesome",
		"idJuego": 432,
		"desarrollador": "Bungie",
		"fechaLanzamiento": "1992-04-30T03:11:13.153Z",
		"leadDesigner": {
			"firstName": "Vergie",
			"lastName": "Ledner"
		},
		"sales": 24641497,
		"genre": "Racing",
		"description": "architecture"
	},
	{
		"nombre": "orchid CFP matrix",
		"idJuego": 433,
		"desarrollador": "343 Industries",
		"fechaLanzamiento": "2015-09-30T20:15:53.851Z",
		"leadDesigner": {
			"firstName": "Marisa",
			"lastName": "Fay"
		},
		"sales": 15289460,
		"genre": "Platformer",
		"description": "deposit withdrawal"
	},
	{
		"nombre": "Arizona actuating",
		"idJuego": 434,
		"desarrollador": "343 Industries",
		"fechaLanzamiento": "2024-02-18T01:46:20.753Z",
		"leadDesigner": {
			"firstName": "Amelia",
			"lastName": "Lehner"
		},
		"sales": 2792191,
		"genre": "MOBA",
		"description": "Cambridgeshire Account"
	},
	{
		"nombre": "Gloves navigating magenta",
		"idJuego": 435,
		"desarrollador": "Bungie",
		"fechaLanzamiento": "2012-12-28T06:57:06.263Z",
		"leadDesigner": {
			"firstName": "Dianna",
			"lastName": "Block"
		},
		"sales": 24412042,
		"genre": "Adventure",
		"description": "neural USB Tasty"
	},
	{
		"nombre": "extensible enterprise bi-directional",
		"idJuego": 436,
		"desarrollador": "343 Industries",
		"fechaLanzamiento": "1997-04-27T21:45:50.780Z",
		"leadDesigner": {
			"firstName": "Tomas",
			"lastName": "Moen"
		},
		"sales": 12242882,
		"genre": "Platformer",
		"description": "generating Car Representative"
	},
	{
		"nombre": "RSS AGP",
		"idJuego": 437,
		"desarrollador": "Bungie",
		"fechaLanzamiento": "2002-06-22T07:50:10.016Z",
		"leadDesigner": {
			"firstName": "Domenica",
			"lastName": "Mosciski"
		},
		"sales": 4894294,
		"genre": "Fighting",
		"description": "Credit Plastic"
	},
	{
		"nombre": "haptic",
		"idJuego": 438,
		"desarrollador": "Skybound",
		"fechaLanzamiento": "2010-01-16T22:57:33.136Z",
		"leadDesigner": {
			"firstName": "Unique",
			"lastName": "Will"
		},
		"sales": 23474416,
		"genre": "Racing",
		"description": "protocol"
	},
	{
		"nombre": "capacitor stable human-resource",
		"idJuego": 439,
		"desarrollador": "2kGames",
		"fechaLanzamiento": "1989-10-10T18:13:24.929Z",
		"leadDesigner": {
			"firstName": "Howell",
			"lastName": "Christiansen"
		},
		"sales": 30348879,
		"genre": "RPG",
		"description": "Technician Garden"
	},
	{
		"nombre": "Associate",
		"idJuego": 440,
		"desarrollador": "Skybound",
		"fechaLanzamiento": "2021-04-06T19:24:16.091Z",
		"leadDesigner": {
			"firstName": "Sonny",
			"lastName": "Graham"
		},
		"sales": 2571792,
		"genre": "MOBA",
		"description": "impactful"
	},
	{
		"nombre": "Licensed",
		"idJuego": 441,
		"desarrollador": "343 Industries",
		"fechaLanzamiento": "1990-10-25T23:31:09.576Z",
		"leadDesigner": {
			"firstName": "Vita",
			"lastName": "Skiles"
		},
		"sales": 5251583,
		"genre": "RPG",
		"description": "end-to-end cross-platform"
	},
	{
		"nombre": "haptic Seamless",
		"idJuego": 442,
		"desarrollador": "343 Industries",
		"fechaLanzamiento": "1989-03-16T00:12:38.342Z",
		"leadDesigner": {
			"firstName": "Camylle",
			"lastName": "Ratke"
		},
		"sales": 18887951,
		"genre": "Sandbox",
		"description": "parsing Iowa Bacon"
	},
	{
		"nombre": "Plastic Mandatory",
		"idJuego": 443,
		"desarrollador": "Skybound",
		"fechaLanzamiento": "2023-11-20T09:49:06.776Z",
		"leadDesigner": {
			"firstName": "Keely",
			"lastName": "Davis"
		},
		"sales": 10123821,
		"genre": "FPS",
		"description": "National"
	},
	{
		"nombre": "deposit",
		"idJuego": 444,
		"desarrollador": "Mojang",
		"fechaLanzamiento": "2015-04-30T22:01:57.615Z",
		"leadDesigner": {
			"firstName": "Omari",
			"lastName": "Heaney"
		},
		"sales": 15134882,
		"genre": "Racing",
		"description": "Hryvnia"
	},
	{
		"nombre": "International Bike Savings",
		"idJuego": 445,
		"desarrollador": "Bungie",
		"fechaLanzamiento": "2006-10-22T21:14:21.928Z",
		"leadDesigner": {
			"firstName": "Eugenia",
			"lastName": "Streich"
		},
		"sales": 15922493,
		"genre": "Adventure",
		"description": "International synthesize"
	},
	{
		"nombre": "Radial",
		"idJuego": 446,
		"desarrollador": "Bungie",
		"fechaLanzamiento": "2008-05-05T22:57:14.272Z",
		"leadDesigner": {
			"firstName": "Richmond",
			"lastName": "Thompson"
		},
		"sales": 16465513,
		"genre": "RPG",
		"description": "Riel"
	},
	{
		"nombre": "GB",
		"idJuego": 447,
		"desarrollador": "Bungie",
		"fechaLanzamiento": "2021-11-02T13:35:36.649Z",
		"leadDesigner": {
			"firstName": "Meghan",
			"lastName": "Upton"
		},
		"sales": 8069745,
		"genre": "FPS",
		"description": "SAS SDD"
	},
	{
		"nombre": "Senior Dollar",
		"idJuego": 448,
		"desarrollador": "Bungie",
		"fechaLanzamiento": "2010-12-29T22:10:17.127Z",
		"leadDesigner": {
			"firstName": "Darrell",
			"lastName": "Block"
		},
		"sales": 6101583,
		"genre": "MOBA",
		"description": "compressing copying Dakota"
	},
	{
		"nombre": "withdrawal",
		"idJuego": 449,
		"desarrollador": "Ubisoft",
		"fechaLanzamiento": "1991-12-04T18:21:25.293Z",
		"leadDesigner": {
			"firstName": "Laurianne",
			"lastName": "Hickle"
		},
		"sales": 16581219,
		"genre": "RPG",
		"description": "mobile primary"
	},
	{
		"nombre": "Investor",
		"idJuego": 450,
		"desarrollador": "343 Industries",
		"fechaLanzamiento": "1999-08-10T02:10:47.991Z",
		"leadDesigner": {
			"firstName": "Trey",
			"lastName": "Tillman"
		},
		"sales": 13261956,
		"genre": "FPS",
		"description": "Sports withdrawal revolutionary"
	},
	{
		"nombre": "Account feed bypassing",
		"idJuego": 451,
		"desarrollador": "Skybound",
		"fechaLanzamiento": "1986-07-11T13:48:15.732Z",
		"leadDesigner": {
			"firstName": "Jack",
			"lastName": "Skiles"
		},
		"sales": 9527134,
		"genre": "Adventure",
		"description": "Rubber"
	},
	{
		"nombre": "invoice Awesome Japan",
		"idJuego": 452,
		"desarrollador": "Mojang",
		"fechaLanzamiento": "2008-04-11T07:35:56.844Z",
		"leadDesigner": {
			"firstName": "Charles",
			"lastName": "Willms"
		},
		"sales": 11831544,
		"genre": "RPG",
		"description": "synergistic"
	},
	{
		"nombre": "Serbia",
		"idJuego": 453,
		"desarrollador": "343 Industries",
		"fechaLanzamiento": "2012-08-01T09:35:19.008Z",
		"leadDesigner": {
			"firstName": "Emmanuelle",
			"lastName": "Lakin"
		},
		"sales": 6078562,
		"genre": "Platformer",
		"description": "salmon Account Salad"
	},
	{
		"nombre": "Ball SCSI",
		"idJuego": 454,
		"desarrollador": "343 Industries",
		"fechaLanzamiento": "1988-10-22T22:46:09.583Z",
		"leadDesigner": {
			"firstName": "Christop",
			"lastName": "Goldner"
		},
		"sales": 10466968,
		"genre": "MOBA",
		"description": "enterprise innovative Shoes"
	},
	{
		"nombre": "Global",
		"idJuego": 455,
		"desarrollador": "Infinity Ward",
		"fechaLanzamiento": "1996-08-12T18:54:52.368Z",
		"leadDesigner": {
			"firstName": "Jazmin",
			"lastName": "Abshire"
		},
		"sales": 24831678,
		"genre": "FPS",
		"description": "Haven Pre-emptive"
	},
	{
		"nombre": "deposit red Games",
		"idJuego": 456,
		"desarrollador": "343 Industries",
		"fechaLanzamiento": "2000-09-03T17:56:19.616Z",
		"leadDesigner": {
			"firstName": "Donald",
			"lastName": "Goodwin"
		},
		"sales": 9252435,
		"genre": "FPS",
		"description": "Refined payment Ecuador"
	},
	{
		"nombre": "Electronics Games",
		"idJuego": 457,
		"desarrollador": "Skybound",
		"fechaLanzamiento": "2018-07-12T15:59:16.324Z",
		"leadDesigner": {
			"firstName": "Jonathan",
			"lastName": "Fay"
		},
		"sales": 28411222,
		"genre": "Adventure",
		"description": "Avon"
	},
	{
		"nombre": "Direct",
		"idJuego": 458,
		"desarrollador": "Infinity Ward",
		"fechaLanzamiento": "2009-08-13T19:15:33.252Z",
		"leadDesigner": {
			"firstName": "Jameson",
			"lastName": "Altenwerth"
		},
		"sales": 13321735,
		"genre": "Platformer",
		"description": "Berkshire"
	},
	{
		"nombre": "Dollar Arizona",
		"idJuego": 459,
		"desarrollador": "Bungie",
		"fechaLanzamiento": "1986-11-25T18:01:20.153Z",
		"leadDesigner": {
			"firstName": "Cleveland",
			"lastName": "Walter"
		},
		"sales": 9991016,
		"genre": "Sandbox",
		"description": "Practical Plaza"
	},
	{
		"nombre": "Buckinghamshire matrix Implementation",
		"idJuego": 460,
		"desarrollador": "Infinity Ward",
		"fechaLanzamiento": "1998-08-22T07:54:15.151Z",
		"leadDesigner": {
			"firstName": "Ethan",
			"lastName": "Farrell"
		},
		"sales": 26214604,
		"genre": "Adventure",
		"description": "Senegal Borders extend"
	},
	{
		"nombre": "programming complexity Optimization",
		"idJuego": 461,
		"desarrollador": "Skybound",
		"fechaLanzamiento": "1999-10-06T08:01:46.783Z",
		"leadDesigner": {
			"firstName": "Jonatan",
			"lastName": "Hyatt"
		},
		"sales": 4947595,
		"genre": "Racing",
		"description": "Money"
	},
	{
		"nombre": "card hack",
		"idJuego": 462,
		"desarrollador": "Mojang",
		"fechaLanzamiento": "1991-12-26T18:39:57.407Z",
		"leadDesigner": {
			"firstName": "Jaycee",
			"lastName": "Witting"
		},
		"sales": 17466313,
		"genre": "RPG",
		"description": "Chips Jewelery Forges"
	},
	{
		"nombre": "Hawaii Electronics turquoise",
		"idJuego": 463,
		"desarrollador": "Telltale",
		"fechaLanzamiento": "2007-05-26T16:10:29.456Z",
		"leadDesigner": {
			"firstName": "Brad",
			"lastName": "Reilly"
		},
		"sales": 9602420,
		"genre": "Platformer",
		"description": "hard"
	},
	{
		"nombre": "Product reboot Tasty",
		"idJuego": 464,
		"desarrollador": "Ubisoft",
		"fechaLanzamiento": "2018-04-30T22:24:06.150Z",
		"leadDesigner": {
			"firstName": "Nicholas",
			"lastName": "Gislason"
		},
		"sales": 29074540,
		"genre": "Racing",
		"description": "Ridge"
	},
	{
		"nombre": "framework Market target",
		"idJuego": 465,
		"desarrollador": "343 Industries",
		"fechaLanzamiento": "2004-08-14T07:42:06.051Z",
		"leadDesigner": {
			"firstName": "Nya",
			"lastName": "Doyle"
		},
		"sales": 5806410,
		"genre": "Adventure",
		"description": "Chips circuit"
	},
	{
		"nombre": "orchid",
		"idJuego": 466,
		"desarrollador": "Infinity Ward",
		"fechaLanzamiento": "2023-03-05T23:19:44.522Z",
		"leadDesigner": {
			"firstName": "Peggie",
			"lastName": "Murazik"
		},
		"sales": 6713167,
		"genre": "Adventure",
		"description": "Avon"
	},
	{
		"nombre": "Assistant transitional",
		"idJuego": 467,
		"desarrollador": "Bungie",
		"fechaLanzamiento": "1989-03-07T14:22:02.302Z",
		"leadDesigner": {
			"firstName": "Schuyler",
			"lastName": "Block"
		},
		"sales": 25025043,
		"genre": "Fighting",
		"description": "Integrated"
	},
	{
		"nombre": "synergistic",
		"idJuego": 468,
		"desarrollador": "Mojang",
		"fechaLanzamiento": "1995-06-11T17:08:29.531Z",
		"leadDesigner": {
			"firstName": "Ariel",
			"lastName": "Doyle"
		},
		"sales": 29963787,
		"genre": "FPS",
		"description": "grid-enabled Checking Stream"
	},
	{
		"nombre": "quantify Metal enhance",
		"idJuego": 469,
		"desarrollador": "Infinity Ward",
		"fechaLanzamiento": "2019-01-28T00:34:55.841Z",
		"leadDesigner": {
			"firstName": "Maximus",
			"lastName": "Veum"
		},
		"sales": 17447083,
		"genre": "Platformer",
		"description": "analyzing hard Human"
	},
	{
		"nombre": "Small empower invoice",
		"idJuego": 470,
		"desarrollador": "2kGames",
		"fechaLanzamiento": "2009-07-18T17:05:21.255Z",
		"leadDesigner": {
			"firstName": "Duane",
			"lastName": "Gibson"
		},
		"sales": 25909765,
		"genre": "FPS",
		"description": "brand Games"
	},
	{
		"nombre": "the",
		"idJuego": 471,
		"desarrollador": "Skybound",
		"fechaLanzamiento": "2020-08-24T13:02:30.295Z",
		"leadDesigner": {
			"firstName": "Gordon",
			"lastName": "Russel"
		},
		"sales": 17916015,
		"genre": "MOBA",
		"description": "Markets"
	},
	{
		"nombre": "Franc Dollar benchmark",
		"idJuego": 472,
		"desarrollador": "Bungie",
		"fechaLanzamiento": "1987-09-30T05:37:31.736Z",
		"leadDesigner": {
			"firstName": "Clementina",
			"lastName": "Kihn"
		},
		"sales": 19400905,
		"genre": "Platformer",
		"description": "User-centric Investment grid-enabled"
	},
	{
		"nombre": "Granite Technician Berkshire",
		"idJuego": 473,
		"desarrollador": "343 Industries",
		"fechaLanzamiento": "2001-11-21T14:46:38.055Z",
		"leadDesigner": {
			"firstName": "Giovanna",
			"lastName": "Bogisich"
		},
		"sales": 1583146,
		"genre": "RPG",
		"description": "Ameliorated"
	},
	{
		"nombre": "Practical",
		"idJuego": 474,
		"desarrollador": "Ubisoft",
		"fechaLanzamiento": "2011-01-14T17:20:40.391Z",
		"leadDesigner": {
			"firstName": "Virginie",
			"lastName": "Daugherty"
		},
		"sales": 14800780,
		"genre": "Adventure",
		"description": "parse Frozen Legacy"
	},
	{
		"nombre": "Birr copy cross-platform",
		"idJuego": 475,
		"desarrollador": "Ubisoft",
		"fechaLanzamiento": "2022-05-08T09:03:00.012Z",
		"leadDesigner": {
			"firstName": "Jonathon",
			"lastName": "Hammes"
		},
		"sales": 25074057,
		"genre": "RPG",
		"description": "Unbranded analyzing Executive"
	},
	{
		"nombre": "Baby Chief",
		"idJuego": 476,
		"desarrollador": "343 Industries",
		"fechaLanzamiento": "1997-06-15T07:33:27.249Z",
		"leadDesigner": {
			"firstName": "Doug",
			"lastName": "Dooley"
		},
		"sales": 30481602,
		"genre": "RPG",
		"description": "Steel withdrawal Central"
	},
	{
		"nombre": "intangible lavender",
		"idJuego": 477,
		"desarrollador": "Bungie",
		"fechaLanzamiento": "1991-02-03T07:30:52.450Z",
		"leadDesigner": {
			"firstName": "Leo",
			"lastName": "Cole"
		},
		"sales": 8803670,
		"genre": "Fighting",
		"description": "lime Books Berkshire"
	},
	{
		"nombre": "Frozen Security Baby",
		"idJuego": 478,
		"desarrollador": "343 Industries",
		"fechaLanzamiento": "2019-07-11T00:28:39.842Z",
		"leadDesigner": {
			"firstName": "Willard",
			"lastName": "Kessler"
		},
		"sales": 6023763,
		"genre": "Racing",
		"description": "violet"
	},
	{
		"nombre": "Krone virtual",
		"idJuego": 479,
		"desarrollador": "Telltale",
		"fechaLanzamiento": "1998-12-26T14:09:53.623Z",
		"leadDesigner": {
			"firstName": "Jerel",
			"lastName": "Cummings"
		},
		"sales": 14207627,
		"genre": "Fighting",
		"description": "gold Gloves"
	},
	{
		"nombre": "Chair Practical driver",
		"idJuego": 480,
		"desarrollador": "Telltale",
		"fechaLanzamiento": "2006-12-06T00:20:56.246Z",
		"leadDesigner": {
			"firstName": "Merl",
			"lastName": "Batz"
		},
		"sales": 12114167,
		"genre": "FPS",
		"description": "USB"
	},
	{
		"nombre": "Gloves Steel invoice",
		"idJuego": 481,
		"desarrollador": "Infinity Ward",
		"fechaLanzamiento": "1991-09-15T09:20:29.268Z",
		"leadDesigner": {
			"firstName": "Giles",
			"lastName": "Mraz"
		},
		"sales": 12446161,
		"genre": "MOBA",
		"description": "Berkshire"
	},
	{
		"nombre": "directional Hong",
		"idJuego": 482,
		"desarrollador": "Ubisoft",
		"fechaLanzamiento": "2010-05-31T00:58:06.341Z",
		"leadDesigner": {
			"firstName": "Camden",
			"lastName": "Kulas"
		},
		"sales": 7271445,
		"genre": "FPS",
		"description": "strategy conglomeration Pizza"
	},
	{
		"nombre": "Plastic",
		"idJuego": 483,
		"desarrollador": "343 Industries",
		"fechaLanzamiento": "2019-11-25T16:01:43.317Z",
		"leadDesigner": {
			"firstName": "Mortimer",
			"lastName": "Braun"
		},
		"sales": 17019864,
		"genre": "FPS",
		"description": "streamline maroon Fish"
	},
	{
		"nombre": "wireless Generic Beauty",
		"idJuego": 484,
		"desarrollador": "Ubisoft",
		"fechaLanzamiento": "2014-09-24T11:51:49.444Z",
		"leadDesigner": {
			"firstName": "Gregorio",
			"lastName": "Johnson"
		},
		"sales": 21603674,
		"genre": "FPS",
		"description": "copying visualize connect"
	},
	{
		"nombre": "Loan deposit",
		"idJuego": 485,
		"desarrollador": "Mojang",
		"fechaLanzamiento": "2020-06-02T23:17:28.229Z",
		"leadDesigner": {
			"firstName": "Amina",
			"lastName": "Mayer"
		},
		"sales": 7148748,
		"genre": "FPS",
		"description": "Bacon invoice"
	},
	{
		"nombre": "Tasty Senior",
		"idJuego": 486,
		"desarrollador": "Ubisoft",
		"fechaLanzamiento": "1989-02-07T06:31:07.280Z",
		"leadDesigner": {
			"firstName": "Savanah",
			"lastName": "Oberbrunner"
		},
		"sales": 10972863,
		"genre": "Platformer",
		"description": "Licensed purple Home"
	},
	{
		"nombre": "Tactics invoice withdrawal",
		"idJuego": 487,
		"desarrollador": "Ubisoft",
		"fechaLanzamiento": "2021-02-14T16:52:08.273Z",
		"leadDesigner": {
			"firstName": "Tiffany",
			"lastName": "Fisher"
		},
		"sales": 17597967,
		"genre": "Racing",
		"description": "invoice Cheese"
	},
	{
		"nombre": "Home",
		"idJuego": 488,
		"desarrollador": "Bungie",
		"fechaLanzamiento": "2002-11-17T11:55:33.777Z",
		"leadDesigner": {
			"firstName": "Lacy",
			"lastName": "Fahey"
		},
		"sales": 29467898,
		"genre": "MOBA",
		"description": "Pakistan encryption Computer"
	},
	{
		"nombre": "CSS",
		"idJuego": 489,
		"desarrollador": "Skybound",
		"fechaLanzamiento": "1991-03-12T20:32:27.882Z",
		"leadDesigner": {
			"firstName": "Harley",
			"lastName": "Kovacek"
		},
		"sales": 23748183,
		"genre": "Adventure",
		"description": "back-end Bedfordshire"
	},
	{
		"nombre": "Latvian system digital",
		"idJuego": 490,
		"desarrollador": "Ubisoft",
		"fechaLanzamiento": "2014-06-24T03:34:57.749Z",
		"leadDesigner": {
			"firstName": "Moriah",
			"lastName": "Nitzsche"
		},
		"sales": 2870589,
		"genre": "Sandbox",
		"description": "Associate override Drives"
	},
	{
		"nombre": "Stand-alone Fresh",
		"idJuego": 491,
		"desarrollador": "Mojang",
		"fechaLanzamiento": "2015-01-03T00:09:12.665Z",
		"leadDesigner": {
			"firstName": "Flavie",
			"lastName": "Larkin"
		},
		"sales": 20909505,
		"genre": "FPS",
		"description": "Jersey"
	},
	{
		"nombre": "COM Ameliorated",
		"idJuego": 492,
		"desarrollador": "Skybound",
		"fechaLanzamiento": "2022-08-17T15:34:50.241Z",
		"leadDesigner": {
			"firstName": "Annetta",
			"lastName": "Maggio"
		},
		"sales": 28266593,
		"genre": "Fighting",
		"description": "Sleek"
	},
	{
		"nombre": "Hat multi-byte",
		"idJuego": 493,
		"desarrollador": "Ubisoft",
		"fechaLanzamiento": "2012-09-01T04:09:04.332Z",
		"leadDesigner": {
			"firstName": "Misty",
			"lastName": "Cormier"
		},
		"sales": 23921996,
		"genre": "MOBA",
		"description": "Checking bypassing encoding"
	},
	{
		"nombre": "Senior Officer",
		"idJuego": 494,
		"desarrollador": "Skybound",
		"fechaLanzamiento": "1992-07-08T07:51:25.680Z",
		"leadDesigner": {
			"firstName": "Justus",
			"lastName": "Quigley"
		},
		"sales": 21521195,
		"genre": "FPS",
		"description": "Sausages"
	},
	{
		"nombre": "Organized schemas",
		"idJuego": 495,
		"desarrollador": "Ubisoft",
		"fechaLanzamiento": "2005-12-05T00:26:23.060Z",
		"leadDesigner": {
			"firstName": "Dallas",
			"lastName": "Reichel"
		},
		"sales": 10071466,
		"genre": "Racing",
		"description": "gold"
	},
	{
		"nombre": "lime synthesize Steel",
		"idJuego": 496,
		"desarrollador": "Skybound",
		"fechaLanzamiento": "2011-07-29T06:22:57.015Z",
		"leadDesigner": {
			"firstName": "Gerhard",
			"lastName": "Medhurst"
		},
		"sales": 15569033,
		"genre": "Racing",
		"description": "payment Granite Tools"
	},
	{
		"nombre": "base deliverables copy",
		"idJuego": 497,
		"desarrollador": "Bungie",
		"fechaLanzamiento": "2014-12-04T13:01:09.325Z",
		"leadDesigner": {
			"firstName": "Hal",
			"lastName": "Rohan"
		},
		"sales": 30495656,
		"genre": "RPG",
		"description": "Credit Research transition"
	},
	{
		"nombre": "Health",
		"idJuego": 498,
		"desarrollador": "Bungie",
		"fechaLanzamiento": "2021-05-13T09:52:57.751Z",
		"leadDesigner": {
			"firstName": "Sylvan",
			"lastName": "Kris"
		},
		"sales": 4388309,
		"genre": "Fighting",
		"description": "Metrics quantifying"
	},
	{
		"nombre": "Garden engage responsive",
		"idJuego": 499,
		"desarrollador": "Infinity Ward",
		"fechaLanzamiento": "2000-09-20T01:07:01.025Z",
		"leadDesigner": {
			"firstName": "Dwight",
			"lastName": "Abernathy"
		},
		"sales": 12145362,
		"genre": "FPS",
		"description": "didactic Guyana"
	},
	{
		"nombre": "multi-byte forecast",
		"idJuego": 500,
		"desarrollador": "343 Industries",
		"fechaLanzamiento": "1989-04-28T22:23:31.611Z",
		"leadDesigner": {
			"firstName": "Amie",
			"lastName": "Kassulke"
		},
		"sales": 21379723,
		"genre": "Fighting",
		"description": "Proactive Frozen Chair"
	},
	{
		"nombre": "Intelligent",
		"idJuego": 501,
		"desarrollador": "Infinity Ward",
		"fechaLanzamiento": "2016-12-18T18:53:55.516Z",
		"leadDesigner": {
			"firstName": "Cristina",
			"lastName": "Luettgen"
		},
		"sales": 3980120,
		"genre": "MOBA",
		"description": "copy"
	},
	{
		"nombre": "withdrawal Luxembourg Infrastructure",
		"idJuego": 502,
		"desarrollador": "Mojang",
		"fechaLanzamiento": "2002-01-12T09:12:31.134Z",
		"leadDesigner": {
			"firstName": "Derrick",
			"lastName": "Kertzmann"
		},
		"sales": 6601308,
		"genre": "MOBA",
		"description": "Sleek"
	},
	{
		"nombre": "Tasty productivity",
		"idJuego": 503,
		"desarrollador": "Bungie",
		"fechaLanzamiento": "2004-10-23T09:31:28.503Z",
		"leadDesigner": {
			"firstName": "Katelyn",
			"lastName": "Dickinson"
		},
		"sales": 6770798,
		"genre": "FPS",
		"description": "Producer Buckinghamshire"
	},
	{
		"nombre": "Car Bedfordshire",
		"idJuego": 504,
		"desarrollador": "2kGames",
		"fechaLanzamiento": "2008-04-24T23:20:12.084Z",
		"leadDesigner": {
			"firstName": "Meggie",
			"lastName": "Ankunding"
		},
		"sales": 2684047,
		"genre": "Fighting",
		"description": "Garden payment"
	},
	{
		"nombre": "streamline Grocery Avon",
		"idJuego": 505,
		"desarrollador": "343 Industries",
		"fechaLanzamiento": "2024-08-03T00:03:48.211Z",
		"leadDesigner": {
			"firstName": "Marge",
			"lastName": "Lowe"
		},
		"sales": 4489142,
		"genre": "Adventure",
		"description": "Poland SMTP"
	},
	{
		"nombre": "success ivory",
		"idJuego": 506,
		"desarrollador": "Infinity Ward",
		"fechaLanzamiento": "2015-01-30T04:55:57.271Z",
		"leadDesigner": {
			"firstName": "Emmanuelle",
			"lastName": "Toy"
		},
		"sales": 23048553,
		"genre": "Platformer",
		"description": "Colorado tan"
	},
	{
		"nombre": "Generic Flat",
		"idJuego": 507,
		"desarrollador": "Mojang",
		"fechaLanzamiento": "1990-04-14T18:40:44.156Z",
		"leadDesigner": {
			"firstName": "Brianne",
			"lastName": "Bashirian"
		},
		"sales": 20513642,
		"genre": "Adventure",
		"description": "grey Berkshire"
	},
	{
		"nombre": "navigate",
		"idJuego": 508,
		"desarrollador": "Ubisoft",
		"fechaLanzamiento": "2013-10-06T15:04:10.529Z",
		"leadDesigner": {
			"firstName": "Jevon",
			"lastName": "Stark"
		},
		"sales": 13106301,
		"genre": "Racing",
		"description": "envisioneer Spur XML"
	},
	{
		"nombre": "Oklahoma Synchronised",
		"idJuego": 509,
		"desarrollador": "Infinity Ward",
		"fechaLanzamiento": "2003-05-09T10:59:57.998Z",
		"leadDesigner": {
			"firstName": "Autumn",
			"lastName": "Herzog"
		},
		"sales": 25654119,
		"genre": "Adventure",
		"description": "Sports Wooden markets"
	},
	{
		"nombre": "purposes Electronics program",
		"idJuego": 510,
		"desarrollador": "Telltale",
		"fechaLanzamiento": "1995-04-27T17:47:00.159Z",
		"leadDesigner": {
			"firstName": "Federico",
			"lastName": "Howe"
		},
		"sales": 25803069,
		"genre": "Racing",
		"description": "24/7"
	},
	{
		"nombre": "hub artificial",
		"idJuego": 511,
		"desarrollador": "Skybound",
		"fechaLanzamiento": "2018-09-04T14:00:34.422Z",
		"leadDesigner": {
			"firstName": "Enrique",
			"lastName": "Emard"
		},
		"sales": 15855968,
		"genre": "RPG",
		"description": "green Crescent exploit"
	},
	{
		"nombre": "generate",
		"idJuego": 512,
		"desarrollador": "Ubisoft",
		"fechaLanzamiento": "2000-07-25T09:21:00.849Z",
		"leadDesigner": {
			"firstName": "Francis",
			"lastName": "Lemke"
		},
		"sales": 28319855,
		"genre": "Sandbox",
		"description": "Ethiopia Sausages"
	},
	{
		"nombre": "front-end Generic Baby",
		"idJuego": 513,
		"desarrollador": "Mojang",
		"fechaLanzamiento": "1994-11-09T04:02:01.779Z",
		"leadDesigner": {
			"firstName": "Reanna",
			"lastName": "Mosciski"
		},
		"sales": 20698853,
		"genre": "RPG",
		"description": "invoice"
	},
	{
		"nombre": "Shoes Infrastructure",
		"idJuego": 514,
		"desarrollador": "343 Industries",
		"fechaLanzamiento": "1999-02-20T00:46:21.080Z",
		"leadDesigner": {
			"firstName": "Dylan",
			"lastName": "Harber"
		},
		"sales": 10787792,
		"genre": "FPS",
		"description": "workforce support"
	},
	{
		"nombre": "Market indigo payment",
		"idJuego": 515,
		"desarrollador": "343 Industries",
		"fechaLanzamiento": "2002-06-17T23:50:15.409Z",
		"leadDesigner": {
			"firstName": "Margaret",
			"lastName": "Miller"
		},
		"sales": 4306425,
		"genre": "FPS",
		"description": "invoice"
	},
	{
		"nombre": "compress Function-based",
		"idJuego": 516,
		"desarrollador": "343 Industries",
		"fechaLanzamiento": "2003-02-18T06:17:04.955Z",
		"leadDesigner": {
			"firstName": "Candice",
			"lastName": "Ebert"
		},
		"sales": 6459615,
		"genre": "RPG",
		"description": "infomediaries"
	},
	{
		"nombre": "Chips",
		"idJuego": 517,
		"desarrollador": "Skybound",
		"fechaLanzamiento": "1996-08-12T03:45:44.925Z",
		"leadDesigner": {
			"firstName": "Angelica",
			"lastName": "Williamson"
		},
		"sales": 23956879,
		"genre": "Fighting",
		"description": "calculate"
	},
	{
		"nombre": "Loan Operative",
		"idJuego": 518,
		"desarrollador": "Bungie",
		"fechaLanzamiento": "2017-06-11T04:06:14.243Z",
		"leadDesigner": {
			"firstName": "Presley",
			"lastName": "Kihn"
		},
		"sales": 18696651,
		"genre": "Adventure",
		"description": "Eritrea Taiwan"
	},
	{
		"nombre": "deposit Specialist",
		"idJuego": 519,
		"desarrollador": "Mojang",
		"fechaLanzamiento": "2008-06-04T13:37:09.657Z",
		"leadDesigner": {
			"firstName": "Krystina",
			"lastName": "O'Hara"
		},
		"sales": 10478089,
		"genre": "Sandbox",
		"description": "one-to-one"
	},
	{
		"nombre": "Metal front-end Salad",
		"idJuego": 520,
		"desarrollador": "Bungie",
		"fechaLanzamiento": "2023-03-01T08:08:56.045Z",
		"leadDesigner": {
			"firstName": "Rosina",
			"lastName": "Terry"
		},
		"sales": 23186985,
		"genre": "Adventure",
		"description": "Soft fresh-thinking"
	},
	{
		"nombre": "responsive Cambridgeshire Plastic",
		"idJuego": 521,
		"desarrollador": "Bungie",
		"fechaLanzamiento": "2021-09-27T19:51:28.189Z",
		"leadDesigner": {
			"firstName": "Lucas",
			"lastName": "Becker"
		},
		"sales": 14649651,
		"genre": "Adventure",
		"description": "XML Central"
	},
	{
		"nombre": "Coordinator",
		"idJuego": 522,
		"desarrollador": "343 Industries",
		"fechaLanzamiento": "2019-07-09T01:46:22.296Z",
		"leadDesigner": {
			"firstName": "Ona",
			"lastName": "Monahan"
		},
		"sales": 18670802,
		"genre": "FPS",
		"description": "optical JSON"
	},
	{
		"nombre": "Ohio methodology",
		"idJuego": 523,
		"desarrollador": "Infinity Ward",
		"fechaLanzamiento": "2012-06-30T19:56:41.594Z",
		"leadDesigner": {
			"firstName": "Brittany",
			"lastName": "Mante"
		},
		"sales": 10499208,
		"genre": "FPS",
		"description": "transmitter"
	},
	{
		"nombre": "Michigan bypassing",
		"idJuego": 524,
		"desarrollador": "343 Industries",
		"fechaLanzamiento": "2011-08-28T23:48:34.554Z",
		"leadDesigner": {
			"firstName": "Rossie",
			"lastName": "Monahan"
		},
		"sales": 10742698,
		"genre": "Adventure",
		"description": "e-commerce Granite"
	},
	{
		"nombre": "standardization Response",
		"idJuego": 525,
		"desarrollador": "2kGames",
		"fechaLanzamiento": "1989-09-13T06:23:12.278Z",
		"leadDesigner": {
			"firstName": "Federico",
			"lastName": "Little"
		},
		"sales": 21862640,
		"genre": "Adventure",
		"description": "Massachusetts"
	},
	{
		"nombre": "Franc Zealand",
		"idJuego": 526,
		"desarrollador": "2kGames",
		"fechaLanzamiento": "2020-08-01T01:18:19.985Z",
		"leadDesigner": {
			"firstName": "Davin",
			"lastName": "Schmitt"
		},
		"sales": 15014432,
		"genre": "MOBA",
		"description": "system-worthy extend"
	},
	{
		"nombre": "Interactions",
		"idJuego": 527,
		"desarrollador": "2kGames",
		"fechaLanzamiento": "1990-09-15T00:50:59.070Z",
		"leadDesigner": {
			"firstName": "Alicia",
			"lastName": "Reynolds"
		},
		"sales": 21205361,
		"genre": "Platformer",
		"description": "Pine forecast"
	},
	{
		"nombre": "Village",
		"idJuego": 528,
		"desarrollador": "2kGames",
		"fechaLanzamiento": "2022-07-14T23:06:24.650Z",
		"leadDesigner": {
			"firstName": "Mae",
			"lastName": "Weimann"
		},
		"sales": 22474076,
		"genre": "Sandbox",
		"description": "Intelligent International Health"
	},
	{
		"nombre": "Avon Tools",
		"idJuego": 529,
		"desarrollador": "Infinity Ward",
		"fechaLanzamiento": "2007-06-28T04:07:53.974Z",
		"leadDesigner": {
			"firstName": "Lempi",
			"lastName": "Leannon"
		},
		"sales": 24153516,
		"genre": "MOBA",
		"description": "Polynesia"
	},
	{
		"nombre": "Center",
		"idJuego": 530,
		"desarrollador": "Bungie",
		"fechaLanzamiento": "2015-02-07T10:55:44.927Z",
		"leadDesigner": {
			"firstName": "Lafayette",
			"lastName": "Terry"
		},
		"sales": 23194838,
		"genre": "Fighting",
		"description": "Florida"
	},
	{
		"nombre": "Operations Analyst",
		"idJuego": 531,
		"desarrollador": "2kGames",
		"fechaLanzamiento": "1994-09-04T23:24:06.675Z",
		"leadDesigner": {
			"firstName": "Amara",
			"lastName": "Cole"
		},
		"sales": 24613308,
		"genre": "FPS",
		"description": "Avon Bridge Dakota"
	},
	{
		"nombre": "Tactics Chilean open-source",
		"idJuego": 532,
		"desarrollador": "343 Industries",
		"fechaLanzamiento": "2004-05-12T04:04:43.151Z",
		"leadDesigner": {
			"firstName": "Hans",
			"lastName": "Lindgren"
		},
		"sales": 3131559,
		"genre": "Adventure",
		"description": "virtual synthesizing"
	},
	{
		"nombre": "JBOD",
		"idJuego": 533,
		"desarrollador": "Mojang",
		"fechaLanzamiento": "2004-05-01T20:45:23.983Z",
		"leadDesigner": {
			"firstName": "Nora",
			"lastName": "Sipes"
		},
		"sales": 14583616,
		"genre": "Racing",
		"description": "Self-enabling"
	},
	{
		"nombre": "deposit Mobility red",
		"idJuego": 534,
		"desarrollador": "Infinity Ward",
		"fechaLanzamiento": "1986-07-14T01:45:35.465Z",
		"leadDesigner": {
			"firstName": "Jaden",
			"lastName": "Bosco"
		},
		"sales": 26342070,
		"genre": "Platformer",
		"description": "one-to-one backing"
	},
	{
		"nombre": "Cambridgeshire",
		"idJuego": 535,
		"desarrollador": "2kGames",
		"fechaLanzamiento": "2000-01-12T02:37:48.205Z",
		"leadDesigner": {
			"firstName": "Natasha",
			"lastName": "Barton"
		},
		"sales": 15987311,
		"genre": "RPG",
		"description": "Chair card compress"
	},
	{
		"nombre": "virtual",
		"idJuego": 536,
		"desarrollador": "Skybound",
		"fechaLanzamiento": "1994-05-31T05:32:14.321Z",
		"leadDesigner": {
			"firstName": "Rowena",
			"lastName": "Purdy"
		},
		"sales": 9427390,
		"genre": "RPG",
		"description": "hack Borders whiteboard"
	},
	{
		"nombre": "withdrawal synergies payment",
		"idJuego": 537,
		"desarrollador": "2kGames",
		"fechaLanzamiento": "2023-09-19T21:16:24.287Z",
		"leadDesigner": {
			"firstName": "Winston",
			"lastName": "Hodkiewicz"
		},
		"sales": 27993321,
		"genre": "Sandbox",
		"description": "Tactics Jewelery strategize"
	},
	{
		"nombre": "Account Bedfordshire Lek",
		"idJuego": 538,
		"desarrollador": "2kGames",
		"fechaLanzamiento": "1991-11-24T14:24:18.826Z",
		"leadDesigner": {
			"firstName": "Hillary",
			"lastName": "Berge"
		},
		"sales": 3863914,
		"genre": "Platformer",
		"description": "mindshare"
	},
	{
		"nombre": "internet user-facing",
		"idJuego": 539,
		"desarrollador": "Bungie",
		"fechaLanzamiento": "2018-11-07T18:23:20.783Z",
		"leadDesigner": {
			"firstName": "Ally",
			"lastName": "Bergnaum"
		},
		"sales": 16369458,
		"genre": "Sandbox",
		"description": "synthesize Computer"
	},
	{
		"nombre": "Bedfordshire bypassing Director",
		"idJuego": 540,
		"desarrollador": "Skybound",
		"fechaLanzamiento": "2004-05-31T06:44:54.324Z",
		"leadDesigner": {
			"firstName": "Kallie",
			"lastName": "Shanahan"
		},
		"sales": 7288579,
		"genre": "Fighting",
		"description": "Intelligent Groves AGP"
	},
	{
		"nombre": "Rubber",
		"idJuego": 541,
		"desarrollador": "Skybound",
		"fechaLanzamiento": "1994-01-22T10:58:16.573Z",
		"leadDesigner": {
			"firstName": "Lonzo",
			"lastName": "Corkery"
		},
		"sales": 28657385,
		"genre": "FPS",
		"description": "holistic"
	},
	{
		"nombre": "connect",
		"idJuego": 542,
		"desarrollador": "Skybound",
		"fechaLanzamiento": "2019-07-19T11:36:02.269Z",
		"leadDesigner": {
			"firstName": "Olen",
			"lastName": "Ankunding"
		},
		"sales": 2728957,
		"genre": "Platformer",
		"description": "payment Springs"
	},
	{
		"nombre": "Springs invoice",
		"idJuego": 543,
		"desarrollador": "2kGames",
		"fechaLanzamiento": "1990-12-08T05:51:39.007Z",
		"leadDesigner": {
			"firstName": "Ramona",
			"lastName": "Boyer"
		},
		"sales": 20687936,
		"genre": "RPG",
		"description": "Expanded"
	},
	{
		"nombre": "Arizona Computers",
		"idJuego": 544,
		"desarrollador": "343 Industries",
		"fechaLanzamiento": "2001-09-18T23:40:44.765Z",
		"leadDesigner": {
			"firstName": "Kailyn",
			"lastName": "Huels"
		},
		"sales": 13674870,
		"genre": "Adventure",
		"description": "hard"
	},
	{
		"nombre": "Ridge",
		"idJuego": 545,
		"desarrollador": "343 Industries",
		"fechaLanzamiento": "2019-07-16T02:25:29.355Z",
		"leadDesigner": {
			"firstName": "Pearlie",
			"lastName": "McCullough"
		},
		"sales": 8777210,
		"genre": "RPG",
		"description": "Peso USB Lead"
	},
	{
		"nombre": "orchestration matrix",
		"idJuego": 546,
		"desarrollador": "2kGames",
		"fechaLanzamiento": "2024-04-13T15:17:25.683Z",
		"leadDesigner": {
			"firstName": "Rosalee",
			"lastName": "Bernier"
		},
		"sales": 10665294,
		"genre": "Platformer",
		"description": "Fresh payment"
	},
	{
		"nombre": "value-added global",
		"idJuego": 547,
		"desarrollador": "Infinity Ward",
		"fechaLanzamiento": "2002-06-10T00:14:00.201Z",
		"leadDesigner": {
			"firstName": "Wilburn",
			"lastName": "Mitchell"
		},
		"sales": 1605110,
		"genre": "Platformer",
		"description": "Planner"
	},
	{
		"nombre": "Operative Assurance hierarchy",
		"idJuego": 548,
		"desarrollador": "Infinity Ward",
		"fechaLanzamiento": "2000-09-27T04:33:25.748Z",
		"leadDesigner": {
			"firstName": "Krystal",
			"lastName": "Haley"
		},
		"sales": 5598419,
		"genre": "FPS",
		"description": "Principal redundant"
	},
	{
		"nombre": "Solutions",
		"idJuego": 549,
		"desarrollador": "Mojang",
		"fechaLanzamiento": "1997-09-30T20:17:55.498Z",
		"leadDesigner": {
			"firstName": "Domenico",
			"lastName": "Crona"
		},
		"sales": 26469181,
		"genre": "RPG",
		"description": "Jamaica Florida"
	},
	{
		"nombre": "Product",
		"idJuego": 550,
		"desarrollador": "Bungie",
		"fechaLanzamiento": "2003-01-03T01:24:28.079Z",
		"leadDesigner": {
			"firstName": "Conrad",
			"lastName": "Cruickshank"
		},
		"sales": 26015333,
		"genre": "FPS",
		"description": "Iowa web-enabled Books"
	},
	{
		"nombre": "British systematic",
		"idJuego": 551,
		"desarrollador": "2kGames",
		"fechaLanzamiento": "1995-05-29T15:08:35.713Z",
		"leadDesigner": {
			"firstName": "Aida",
			"lastName": "Hyatt"
		},
		"sales": 14827651,
		"genre": "Fighting",
		"description": "Chips Vanuatu"
	},
	{
		"nombre": "Division optimize",
		"idJuego": 552,
		"desarrollador": "Mojang",
		"fechaLanzamiento": "2016-06-29T02:02:04.461Z",
		"leadDesigner": {
			"firstName": "Alexie",
			"lastName": "Flatley"
		},
		"sales": 12746997,
		"genre": "Racing",
		"description": "encompassing"
	},
	{
		"nombre": "synergies generation",
		"idJuego": 553,
		"desarrollador": "Telltale",
		"fechaLanzamiento": "2000-11-27T02:03:55.675Z",
		"leadDesigner": {
			"firstName": "Damion",
			"lastName": "Morar"
		},
		"sales": 21957973,
		"genre": "Adventure",
		"description": "Michigan Integration"
	},
	{
		"nombre": "Connecticut Gloves",
		"idJuego": 554,
		"desarrollador": "Skybound",
		"fechaLanzamiento": "2010-11-30T04:42:24.538Z",
		"leadDesigner": {
			"firstName": "Warren",
			"lastName": "Nicolas"
		},
		"sales": 22588837,
		"genre": "Sandbox",
		"description": "Borders Loan"
	},
	{
		"nombre": "card system",
		"idJuego": 555,
		"desarrollador": "Infinity Ward",
		"fechaLanzamiento": "1988-05-04T19:19:53.540Z",
		"leadDesigner": {
			"firstName": "Clifford",
			"lastName": "Kling"
		},
		"sales": 22382472,
		"genre": "Platformer",
		"description": "Movies Customer-focused Oman"
	},
	{
		"nombre": "Mobility AI SMS",
		"idJuego": 556,
		"desarrollador": "2kGames",
		"fechaLanzamiento": "1989-04-11T00:30:29.377Z",
		"leadDesigner": {
			"firstName": "Marilou",
			"lastName": "Pfannerstill"
		},
		"sales": 18084248,
		"genre": "Sandbox",
		"description": "input magnetic redundant"
	},
	{
		"nombre": "Practical SQL Cambridgeshire",
		"idJuego": 557,
		"desarrollador": "Mojang",
		"fechaLanzamiento": "2021-04-06T00:58:05.676Z",
		"leadDesigner": {
			"firstName": "Sydnee",
			"lastName": "Bins"
		},
		"sales": 26191256,
		"genre": "Fighting",
		"description": "optical user-centric parallelism"
	},
	{
		"nombre": "Supervisor",
		"idJuego": 558,
		"desarrollador": "Skybound",
		"fechaLanzamiento": "2017-02-01T05:22:34.161Z",
		"leadDesigner": {
			"firstName": "Elza",
			"lastName": "Windler"
		},
		"sales": 8710833,
		"genre": "Adventure",
		"description": "Mission Mexico"
	},
	{
		"nombre": "Practical",
		"idJuego": 559,
		"desarrollador": "2kGames",
		"fechaLanzamiento": "1989-11-09T22:49:57.806Z",
		"leadDesigner": {
			"firstName": "Sheridan",
			"lastName": "Reynolds"
		},
		"sales": 9545269,
		"genre": "FPS",
		"description": "Verde"
	},
	{
		"nombre": "Division application",
		"idJuego": 560,
		"desarrollador": "2kGames",
		"fechaLanzamiento": "1993-06-02T20:03:14.072Z",
		"leadDesigner": {
			"firstName": "Ola",
			"lastName": "Ziemann"
		},
		"sales": 29635889,
		"genre": "MOBA",
		"description": "knowledge New HDD"
	},
	{
		"nombre": "Steel Web CSS",
		"idJuego": 561,
		"desarrollador": "Ubisoft",
		"fechaLanzamiento": "2009-10-09T15:58:15.792Z",
		"leadDesigner": {
			"firstName": "Martine",
			"lastName": "Schultz"
		},
		"sales": 17478324,
		"genre": "Platformer",
		"description": "Serbian Facilitator"
	},
	{
		"nombre": "Florida aggregate Jersey",
		"idJuego": 562,
		"desarrollador": "Skybound",
		"fechaLanzamiento": "2016-07-27T08:55:36.941Z",
		"leadDesigner": {
			"firstName": "Alexandrine",
			"lastName": "Schultz"
		},
		"sales": 8334802,
		"genre": "Adventure",
		"description": "open-source"
	},
	{
		"nombre": "payment",
		"idJuego": 563,
		"desarrollador": "343 Industries",
		"fechaLanzamiento": "2015-09-05T04:57:39.608Z",
		"leadDesigner": {
			"firstName": "Micheal",
			"lastName": "Wintheiser"
		},
		"sales": 22639561,
		"genre": "Fighting",
		"description": "Jewelery"
	},
	{
		"nombre": "lime",
		"idJuego": 564,
		"desarrollador": "Telltale",
		"fechaLanzamiento": "2015-02-28T21:28:30.809Z",
		"leadDesigner": {
			"firstName": "Jeffery",
			"lastName": "Volkman"
		},
		"sales": 11578376,
		"genre": "Platformer",
		"description": "solutions Awesome"
	},
	{
		"nombre": "Assistant",
		"idJuego": 565,
		"desarrollador": "Infinity Ward",
		"fechaLanzamiento": "2024-05-07T07:57:00.710Z",
		"leadDesigner": {
			"firstName": "Addison",
			"lastName": "Pouros"
		},
		"sales": 22067388,
		"genre": "RPG",
		"description": "Krone reinvent"
	},
	{
		"nombre": "Graphic copying",
		"idJuego": 566,
		"desarrollador": "2kGames",
		"fechaLanzamiento": "2009-03-02T08:21:48.138Z",
		"leadDesigner": {
			"firstName": "Jeremy",
			"lastName": "Bergstrom"
		},
		"sales": 9119384,
		"genre": "RPG",
		"description": "Fantastic"
	},
	{
		"nombre": "Licensed",
		"idJuego": 567,
		"desarrollador": "Skybound",
		"fechaLanzamiento": "2009-09-18T02:09:53.753Z",
		"leadDesigner": {
			"firstName": "Theodora",
			"lastName": "Schmidt"
		},
		"sales": 2461469,
		"genre": "Racing",
		"description": "architecture set"
	},
	{
		"nombre": "Soft quantify",
		"idJuego": 568,
		"desarrollador": "Ubisoft",
		"fechaLanzamiento": "1997-12-05T03:17:16.186Z",
		"leadDesigner": {
			"firstName": "Diana",
			"lastName": "Lebsack"
		},
		"sales": 21688612,
		"genre": "Adventure",
		"description": "circuit Principal Team-oriented"
	},
	{
		"nombre": "Metal Assistant transmitting",
		"idJuego": 569,
		"desarrollador": "2kGames",
		"fechaLanzamiento": "2002-03-04T10:32:22.181Z",
		"leadDesigner": {
			"firstName": "Maxime",
			"lastName": "Marks"
		},
		"sales": 28444534,
		"genre": "Adventure",
		"description": "Mountain grey"
	},
	{
		"nombre": "1080p cyan",
		"idJuego": 570,
		"desarrollador": "2kGames",
		"fechaLanzamiento": "1997-11-12T00:32:20.319Z",
		"leadDesigner": {
			"firstName": "Elyse",
			"lastName": "Hayes"
		},
		"sales": 3034201,
		"genre": "RPG",
		"description": "Metal neural"
	},
	{
		"nombre": "non-volatile Stream",
		"idJuego": 571,
		"desarrollador": "Mojang",
		"fechaLanzamiento": "1997-02-04T10:53:11.810Z",
		"leadDesigner": {
			"firstName": "Javonte",
			"lastName": "Grady"
		},
		"sales": 21890144,
		"genre": "Sandbox",
		"description": "Salad"
	},
	{
		"nombre": "empower SDR Riel",
		"idJuego": 572,
		"desarrollador": "Mojang",
		"fechaLanzamiento": "2010-02-23T12:43:53.836Z",
		"leadDesigner": {
			"firstName": "George",
			"lastName": "Heller"
		},
		"sales": 5818675,
		"genre": "Racing",
		"description": "transmitter Cambridgeshire"
	},
	{
		"nombre": "payment application",
		"idJuego": 573,
		"desarrollador": "Bungie",
		"fechaLanzamiento": "1989-04-11T23:17:17.496Z",
		"leadDesigner": {
			"firstName": "Bailey",
			"lastName": "Hoeger"
		},
		"sales": 4563125,
		"genre": "Sandbox",
		"description": "Internal"
	},
	{
		"nombre": "B2B Cambridgeshire invoice",
		"idJuego": 574,
		"desarrollador": "343 Industries",
		"fechaLanzamiento": "2000-05-04T23:32:01.956Z",
		"leadDesigner": {
			"firstName": "Melisa",
			"lastName": "Torp"
		},
		"sales": 11888651,
		"genre": "Racing",
		"description": "turquoise Auto"
	},
	{
		"nombre": "Refined generate Fish",
		"idJuego": 575,
		"desarrollador": "2kGames",
		"fechaLanzamiento": "2000-02-22T12:28:34.466Z",
		"leadDesigner": {
			"firstName": "Lambert",
			"lastName": "Thiel"
		},
		"sales": 27813662,
		"genre": "FPS",
		"description": "Dobra best-of-breed Planner"
	},
	{
		"nombre": "productivity Luxembourg",
		"idJuego": 576,
		"desarrollador": "Telltale",
		"fechaLanzamiento": "1987-05-11T15:11:37.989Z",
		"leadDesigner": {
			"firstName": "Adan",
			"lastName": "Paucek"
		},
		"sales": 26449506,
		"genre": "FPS",
		"description": "Regional out-of-the-box"
	},
	{
		"nombre": "Handcrafted invoice",
		"idJuego": 577,
		"desarrollador": "Ubisoft",
		"fechaLanzamiento": "1995-07-25T06:06:32.062Z",
		"leadDesigner": {
			"firstName": "Lonnie",
			"lastName": "Ullrich"
		},
		"sales": 16027143,
		"genre": "Racing",
		"description": "Bedfordshire turquoise"
	},
	{
		"nombre": "Cheese white application",
		"idJuego": 578,
		"desarrollador": "2kGames",
		"fechaLanzamiento": "2024-06-05T20:49:48.298Z",
		"leadDesigner": {
			"firstName": "Maureen",
			"lastName": "Kassulke"
		},
		"sales": 29094310,
		"genre": "MOBA",
		"description": "Iranian"
	},
	{
		"nombre": "Avon turquoise",
		"idJuego": 579,
		"desarrollador": "Bungie",
		"fechaLanzamiento": "2020-08-11T15:34:59.592Z",
		"leadDesigner": {
			"firstName": "Maud",
			"lastName": "O'Connell"
		},
		"sales": 22616222,
		"genre": "Racing",
		"description": "Brand"
	},
	{
		"nombre": "Security Sum solutions",
		"idJuego": 580,
		"desarrollador": "Mojang",
		"fechaLanzamiento": "2004-02-23T01:54:56.710Z",
		"leadDesigner": {
			"firstName": "Mason",
			"lastName": "Abernathy"
		},
		"sales": 6453222,
		"genre": "Racing",
		"description": "Gorgeous"
	},
	{
		"nombre": "mission-critical",
		"idJuego": 581,
		"desarrollador": "Mojang",
		"fechaLanzamiento": "1996-05-13T14:21:50.926Z",
		"leadDesigner": {
			"firstName": "Ward",
			"lastName": "Upton"
		},
		"sales": 15240999,
		"genre": "Racing",
		"description": "Plastic"
	},
	{
		"nombre": "interactive",
		"idJuego": 582,
		"desarrollador": "Telltale",
		"fechaLanzamiento": "2024-07-07T12:45:13.945Z",
		"leadDesigner": {
			"firstName": "Lafayette",
			"lastName": "Stokes"
		},
		"sales": 28656492,
		"genre": "Sandbox",
		"description": "Ergonomic Lead"
	},
	{
		"nombre": "Bedfordshire Rubber",
		"idJuego": 583,
		"desarrollador": "Infinity Ward",
		"fechaLanzamiento": "2006-01-19T06:33:39.206Z",
		"leadDesigner": {
			"firstName": "Allene",
			"lastName": "Beer"
		},
		"sales": 9700058,
		"genre": "Adventure",
		"description": "calculate"
	},
	{
		"nombre": "Fresh Switchable object-oriented",
		"idJuego": 584,
		"desarrollador": "Ubisoft",
		"fechaLanzamiento": "1987-12-06T04:16:22.038Z",
		"leadDesigner": {
			"firstName": "Shany",
			"lastName": "Lockman"
		},
		"sales": 3703838,
		"genre": "FPS",
		"description": "Japan"
	},
	{
		"nombre": "optical",
		"idJuego": 585,
		"desarrollador": "2kGames",
		"fechaLanzamiento": "2010-02-28T02:51:53.426Z",
		"leadDesigner": {
			"firstName": "Norberto",
			"lastName": "Cartwright"
		},
		"sales": 4714814,
		"genre": "Sandbox",
		"description": "Field"
	},
	{
		"nombre": "Faroe Supervisor IB",
		"idJuego": 586,
		"desarrollador": "Skybound",
		"fechaLanzamiento": "2014-01-03T11:41:26.726Z",
		"leadDesigner": {
			"firstName": "Shanon",
			"lastName": "Crist"
		},
		"sales": 28248231,
		"genre": "RPG",
		"description": "tangible"
	},
	{
		"nombre": "task-force",
		"idJuego": 587,
		"desarrollador": "Mojang",
		"fechaLanzamiento": "1990-04-12T16:45:01.107Z",
		"leadDesigner": {
			"firstName": "Ashtyn",
			"lastName": "Schultz"
		},
		"sales": 13115149,
		"genre": "Sandbox",
		"description": "Virginia Tunisia"
	},
	{
		"nombre": "Card",
		"idJuego": 588,
		"desarrollador": "Infinity Ward",
		"fechaLanzamiento": "1998-09-16T03:31:58.431Z",
		"leadDesigner": {
			"firstName": "Lenora",
			"lastName": "Pfannerstill"
		},
		"sales": 7211718,
		"genre": "Racing",
		"description": "Steel services"
	},
	{
		"nombre": "RSS",
		"idJuego": 589,
		"desarrollador": "Skybound",
		"fechaLanzamiento": "2009-07-14T20:44:29.778Z",
		"leadDesigner": {
			"firstName": "Anna",
			"lastName": "O'Kon"
		},
		"sales": 16665300,
		"genre": "RPG",
		"description": "Yen teal"
	},
	{
		"nombre": "port grow feed",
		"idJuego": 590,
		"desarrollador": "343 Industries",
		"fechaLanzamiento": "1999-04-12T13:23:44.769Z",
		"leadDesigner": {
			"firstName": "Francisca",
			"lastName": "Feeney"
		},
		"sales": 15773236,
		"genre": "Racing",
		"description": "Refined"
	},
	{
		"nombre": "Shoes",
		"idJuego": 591,
		"desarrollador": "2kGames",
		"fechaLanzamiento": "1995-04-09T23:46:16.276Z",
		"leadDesigner": {
			"firstName": "Conor",
			"lastName": "Corkery"
		},
		"sales": 15503291,
		"genre": "Sandbox",
		"description": "Legacy Car rich"
	},
	{
		"nombre": "Chief invoice Ethiopia",
		"idJuego": 592,
		"desarrollador": "Infinity Ward",
		"fechaLanzamiento": "2003-04-11T07:51:16.897Z",
		"leadDesigner": {
			"firstName": "Isabelle",
			"lastName": "Ankunding"
		},
		"sales": 3755805,
		"genre": "MOBA",
		"description": "Cedi Pound"
	},
	{
		"nombre": "Walk",
		"idJuego": 593,
		"desarrollador": "Mojang",
		"fechaLanzamiento": "2000-03-15T11:41:45.837Z",
		"leadDesigner": {
			"firstName": "Lilyan",
			"lastName": "Steuber"
		},
		"sales": 13804146,
		"genre": "FPS",
		"description": "syndicate Buckinghamshire"
	},
	{
		"nombre": "Rubber plum",
		"idJuego": 594,
		"desarrollador": "343 Industries",
		"fechaLanzamiento": "2015-02-24T15:14:17.182Z",
		"leadDesigner": {
			"firstName": "Thad",
			"lastName": "Bins"
		},
		"sales": 26328881,
		"genre": "RPG",
		"description": "feed models"
	},
	{
		"nombre": "Checking indexing SQL",
		"idJuego": 595,
		"desarrollador": "Mojang",
		"fechaLanzamiento": "2008-08-23T23:09:19.238Z",
		"leadDesigner": {
			"firstName": "Henriette",
			"lastName": "Walter"
		},
		"sales": 11287426,
		"genre": "Racing",
		"description": "copying Computers"
	},
	{
		"nombre": "purple Plastic withdrawal",
		"idJuego": 596,
		"desarrollador": "Infinity Ward",
		"fechaLanzamiento": "2007-04-15T03:21:30.831Z",
		"leadDesigner": {
			"firstName": "Marc",
			"lastName": "Kunze"
		},
		"sales": 4823335,
		"genre": "MOBA",
		"description": "benchmark"
	},
	{
		"nombre": "Direct",
		"idJuego": 597,
		"desarrollador": "343 Industries",
		"fechaLanzamiento": "2021-08-19T08:45:21.014Z",
		"leadDesigner": {
			"firstName": "Kellen",
			"lastName": "Hartmann"
		},
		"sales": 22184839,
		"genre": "MOBA",
		"description": "Concrete Investment"
	},
	{
		"nombre": "Ergonomic Borders firmware",
		"idJuego": 598,
		"desarrollador": "Infinity Ward",
		"fechaLanzamiento": "2000-02-03T13:09:18.634Z",
		"leadDesigner": {
			"firstName": "Toy",
			"lastName": "Watsica"
		},
		"sales": 6093250,
		"genre": "RPG",
		"description": "Cotton tan"
	},
	{
		"nombre": "panel mesh Toys",
		"idJuego": 599,
		"desarrollador": "343 Industries",
		"fechaLanzamiento": "2010-09-24T06:25:51.426Z",
		"leadDesigner": {
			"firstName": "Darion",
			"lastName": "Yundt"
		},
		"sales": 20115332,
		"genre": "RPG",
		"description": "invoice Bedfordshire"
	},
	{
		"nombre": "back-end",
		"idJuego": 600,
		"desarrollador": "2kGames",
		"fechaLanzamiento": "2000-01-05T20:15:56.055Z",
		"leadDesigner": {
			"firstName": "Hannah",
			"lastName": "Waelchi"
		},
		"sales": 26663636,
		"genre": "RPG",
		"description": "Illinois generate Account"
	},
	{
		"nombre": "Vista Cotton Human",
		"idJuego": 601,
		"desarrollador": "Bungie",
		"fechaLanzamiento": "1996-07-29T19:51:52.792Z",
		"leadDesigner": {
			"firstName": "Tre",
			"lastName": "Gibson"
		},
		"sales": 8945731,
		"genre": "Fighting",
		"description": "Kina Rustic Bacon"
	},
	{
		"nombre": "copying Kenya",
		"idJuego": 602,
		"desarrollador": "Telltale",
		"fechaLanzamiento": "2007-11-05T17:03:12.654Z",
		"leadDesigner": {
			"firstName": "Mckenna",
			"lastName": "King"
		},
		"sales": 13982114,
		"genre": "Fighting",
		"description": "Usability"
	},
	{
		"nombre": "Neck maximized Refined",
		"idJuego": 603,
		"desarrollador": "2kGames",
		"fechaLanzamiento": "2015-12-14T04:56:46.795Z",
		"leadDesigner": {
			"firstName": "Adonis",
			"lastName": "Johns"
		},
		"sales": 7670561,
		"genre": "Racing",
		"description": "SAS"
	},
	{
		"nombre": "client-driven Norway",
		"idJuego": 604,
		"desarrollador": "343 Industries",
		"fechaLanzamiento": "1999-07-17T19:30:31.546Z",
		"leadDesigner": {
			"firstName": "Dexter",
			"lastName": "Jacobson"
		},
		"sales": 12268261,
		"genre": "Fighting",
		"description": "e-commerce"
	},
	{
		"nombre": "Virtual",
		"idJuego": 605,
		"desarrollador": "Ubisoft",
		"fechaLanzamiento": "2007-12-24T07:22:14.936Z",
		"leadDesigner": {
			"firstName": "Isobel",
			"lastName": "Steuber"
		},
		"sales": 11057190,
		"genre": "Adventure",
		"description": "Israel Account RSS"
	},
	{
		"nombre": "JSON",
		"idJuego": 606,
		"desarrollador": "Infinity Ward",
		"fechaLanzamiento": "1989-10-22T06:41:57.333Z",
		"leadDesigner": {
			"firstName": "Layne",
			"lastName": "Ledner"
		},
		"sales": 16489760,
		"genre": "Racing",
		"description": "payment Loan"
	},
	{
		"nombre": "Platinum invoice",
		"idJuego": 607,
		"desarrollador": "Bungie",
		"fechaLanzamiento": "1991-10-08T06:54:35.244Z",
		"leadDesigner": {
			"firstName": "Brando",
			"lastName": "Pfannerstill"
		},
		"sales": 9482433,
		"genre": "Sandbox",
		"description": "THX Towels"
	},
	{
		"nombre": "Tactics Borders",
		"idJuego": 608,
		"desarrollador": "Infinity Ward",
		"fechaLanzamiento": "2008-11-09T15:39:48.863Z",
		"leadDesigner": {
			"firstName": "Emile",
			"lastName": "Jacobson"
		},
		"sales": 4733647,
		"genre": "Adventure",
		"description": "parsing Interactions"
	},
	{
		"nombre": "Handmade Bedfordshire",
		"idJuego": 609,
		"desarrollador": "Skybound",
		"fechaLanzamiento": "2012-12-02T02:16:12.833Z",
		"leadDesigner": {
			"firstName": "Scarlett",
			"lastName": "Bergnaum"
		},
		"sales": 23499509,
		"genre": "Sandbox",
		"description": "transmitting"
	},
	{
		"nombre": "AGP Bedfordshire markets",
		"idJuego": 610,
		"desarrollador": "343 Industries",
		"fechaLanzamiento": "1992-11-02T10:36:47.258Z",
		"leadDesigner": {
			"firstName": "Alberto",
			"lastName": "Padberg"
		},
		"sales": 3490622,
		"genre": "Sandbox",
		"description": "orchestration"
	},
	{
		"nombre": "Colorado Loan Andorra",
		"idJuego": 611,
		"desarrollador": "343 Industries",
		"fechaLanzamiento": "2007-05-12T17:46:19.289Z",
		"leadDesigner": {
			"firstName": "Hardy",
			"lastName": "Harris"
		},
		"sales": 2199209,
		"genre": "Fighting",
		"description": "moderator Central"
	},
	{
		"nombre": "Soft Plastic",
		"idJuego": 612,
		"desarrollador": "Skybound",
		"fechaLanzamiento": "1996-11-24T03:47:51.367Z",
		"leadDesigner": {
			"firstName": "Dax",
			"lastName": "Abshire"
		},
		"sales": 21586991,
		"genre": "Racing",
		"description": "Savings"
	},
	{
		"nombre": "high-level virtual Ergonomic",
		"idJuego": 613,
		"desarrollador": "Infinity Ward",
		"fechaLanzamiento": "2024-03-08T14:36:05.952Z",
		"leadDesigner": {
			"firstName": "Anahi",
			"lastName": "Cummings"
		},
		"sales": 18955275,
		"genre": "Fighting",
		"description": "violet Unions"
	},
	{
		"nombre": "parsing Accountability",
		"idJuego": 614,
		"desarrollador": "Telltale",
		"fechaLanzamiento": "2016-09-05T20:15:35.786Z",
		"leadDesigner": {
			"firstName": "Haleigh",
			"lastName": "Franecki"
		},
		"sales": 9909715,
		"genre": "Fighting",
		"description": "state Wyoming"
	},
	{
		"nombre": "Automotive magnetic",
		"idJuego": 615,
		"desarrollador": "2kGames",
		"fechaLanzamiento": "2007-12-15T15:55:26.149Z",
		"leadDesigner": {
			"firstName": "Cassandra",
			"lastName": "Morissette"
		},
		"sales": 26356742,
		"genre": "Sandbox",
		"description": "neural"
	},
	{
		"nombre": "matrix monitor Colon",
		"idJuego": 616,
		"desarrollador": "Telltale",
		"fechaLanzamiento": "2003-01-13T10:28:52.699Z",
		"leadDesigner": {
			"firstName": "Madge",
			"lastName": "Schoen"
		},
		"sales": 5582497,
		"genre": "FPS",
		"description": "architectures Intelligent"
	},
	{
		"nombre": "microchip deposit",
		"idJuego": 617,
		"desarrollador": "Ubisoft",
		"fechaLanzamiento": "2020-10-28T18:58:34.016Z",
		"leadDesigner": {
			"firstName": "Keara",
			"lastName": "Gleason"
		},
		"sales": 5140725,
		"genre": "Adventure",
		"description": "Account Analyst"
	},
	{
		"nombre": "Business-focused",
		"idJuego": 618,
		"desarrollador": "Telltale",
		"fechaLanzamiento": "2000-10-03T23:07:59.276Z",
		"leadDesigner": {
			"firstName": "Kris",
			"lastName": "Kutch"
		},
		"sales": 24051976,
		"genre": "MOBA",
		"description": "plum Global"
	},
	{
		"nombre": "tangible",
		"idJuego": 619,
		"desarrollador": "Skybound",
		"fechaLanzamiento": "2001-07-10T09:00:53.986Z",
		"leadDesigner": {
			"firstName": "Emerson",
			"lastName": "Shields"
		},
		"sales": 9278639,
		"genre": "Platformer",
		"description": "Group Multi-layered"
	},
	{
		"nombre": "blue Cotton",
		"idJuego": 620,
		"desarrollador": "Bungie",
		"fechaLanzamiento": "2023-10-14T17:14:47.054Z",
		"leadDesigner": {
			"firstName": "Bernie",
			"lastName": "Erdman"
		},
		"sales": 30419378,
		"genre": "MOBA",
		"description": "Metrics"
	},
	{
		"nombre": "Peso Account compressing",
		"idJuego": 621,
		"desarrollador": "Infinity Ward",
		"fechaLanzamiento": "2021-07-16T21:21:01.607Z",
		"leadDesigner": {
			"firstName": "Naomi",
			"lastName": "Paucek"
		},
		"sales": 21265069,
		"genre": "RPG",
		"description": "Faroe Handmade"
	},
	{
		"nombre": "Synergistic Fundamental whiteboard",
		"idJuego": 622,
		"desarrollador": "343 Industries",
		"fechaLanzamiento": "2020-11-26T13:53:48.306Z",
		"leadDesigner": {
			"firstName": "Forrest",
			"lastName": "Herman"
		},
		"sales": 7663944,
		"genre": "Platformer",
		"description": "Mobility"
	},
	{
		"nombre": "Agent Brand",
		"idJuego": 623,
		"desarrollador": "343 Industries",
		"fechaLanzamiento": "1988-09-16T01:23:49.537Z",
		"leadDesigner": {
			"firstName": "Kenya",
			"lastName": "Lind"
		},
		"sales": 26925875,
		"genre": "Platformer",
		"description": "Jamaican"
	},
	{
		"nombre": "Loan Sudanese Plastic",
		"idJuego": 624,
		"desarrollador": "Bungie",
		"fechaLanzamiento": "2021-05-13T21:55:42.594Z",
		"leadDesigner": {
			"firstName": "Violet",
			"lastName": "Schinner"
		},
		"sales": 16897960,
		"genre": "Sandbox",
		"description": "Ports Wooden"
	},
	{
		"nombre": "Crescent Forward digital",
		"idJuego": 625,
		"desarrollador": "Bungie",
		"fechaLanzamiento": "2018-04-29T21:56:50.217Z",
		"leadDesigner": {
			"firstName": "German",
			"lastName": "Harber"
		},
		"sales": 24489701,
		"genre": "FPS",
		"description": "Knolls withdrawal Sleek"
	},
	{
		"nombre": "Supervisor back-end",
		"idJuego": 626,
		"desarrollador": "Telltale",
		"fechaLanzamiento": "1995-05-10T14:52:40.317Z",
		"leadDesigner": {
			"firstName": "Mauricio",
			"lastName": "Paucek"
		},
		"sales": 17780808,
		"genre": "Sandbox",
		"description": "green multi-byte"
	},
	{
		"nombre": "5th Home",
		"idJuego": 627,
		"desarrollador": "Skybound",
		"fechaLanzamiento": "2024-07-04T00:17:02.244Z",
		"leadDesigner": {
			"firstName": "Roscoe",
			"lastName": "Stark"
		},
		"sales": 28658217,
		"genre": "Sandbox",
		"description": "multi-byte"
	},
	{
		"nombre": "strategize mission-critical Cotton",
		"idJuego": 628,
		"desarrollador": "Ubisoft",
		"fechaLanzamiento": "1988-07-01T12:39:37.150Z",
		"leadDesigner": {
			"firstName": "Finn",
			"lastName": "Hackett"
		},
		"sales": 5524269,
		"genre": "Fighting",
		"description": "end-to-end cutting-edge"
	},
	{
		"nombre": "initiative",
		"idJuego": 629,
		"desarrollador": "343 Industries",
		"fechaLanzamiento": "2012-06-30T10:33:11.629Z",
		"leadDesigner": {
			"firstName": "Llewellyn",
			"lastName": "Prosacco"
		},
		"sales": 18522627,
		"genre": "FPS",
		"description": "Implemented Lead Licensed"
	},
	{
		"nombre": "Developer",
		"idJuego": 630,
		"desarrollador": "Bungie",
		"fechaLanzamiento": "2000-09-12T10:24:11.851Z",
		"leadDesigner": {
			"firstName": "Otilia",
			"lastName": "Aufderhar"
		},
		"sales": 14232694,
		"genre": "Racing",
		"description": "Mission"
	},
	{
		"nombre": "USB Account relationships",
		"idJuego": 631,
		"desarrollador": "Skybound",
		"fechaLanzamiento": "1991-06-11T00:19:38.255Z",
		"leadDesigner": {
			"firstName": "Brooks",
			"lastName": "Macejkovic"
		},
		"sales": 30241870,
		"genre": "Fighting",
		"description": "copying"
	},
	{
		"nombre": "revolutionary info-mediaries Berkshire",
		"idJuego": 632,
		"desarrollador": "2kGames",
		"fechaLanzamiento": "2000-08-23T04:37:27.002Z",
		"leadDesigner": {
			"firstName": "Janelle",
			"lastName": "Kertzmann"
		},
		"sales": 29114395,
		"genre": "MOBA",
		"description": "Engineer Branding invoice"
	},
	{
		"nombre": "Sol",
		"idJuego": 633,
		"desarrollador": "Bungie",
		"fechaLanzamiento": "2014-10-19T23:57:54.685Z",
		"leadDesigner": {
			"firstName": "Carmine",
			"lastName": "Becker"
		},
		"sales": 13937270,
		"genre": "FPS",
		"description": "strategize Granite Baby"
	},
	{
		"nombre": "Incredible Strategist",
		"idJuego": 634,
		"desarrollador": "343 Industries",
		"fechaLanzamiento": "2007-10-02T16:19:16.573Z",
		"leadDesigner": {
			"firstName": "Arvel",
			"lastName": "Leuschke"
		},
		"sales": 11287292,
		"genre": "Fighting",
		"description": "Street"
	},
	{
		"nombre": "empower",
		"idJuego": 635,
		"desarrollador": "Telltale",
		"fechaLanzamiento": "2024-12-26T06:52:13.209Z",
		"leadDesigner": {
			"firstName": "Francisco",
			"lastName": "Frami"
		},
		"sales": 21500860,
		"genre": "Fighting",
		"description": "blockchains compelling deposit"
	},
	{
		"nombre": "Handmade",
		"idJuego": 636,
		"desarrollador": "Ubisoft",
		"fechaLanzamiento": "2008-07-21T08:58:36.318Z",
		"leadDesigner": {
			"firstName": "Donnell",
			"lastName": "Lang"
		},
		"sales": 25263579,
		"genre": "Adventure",
		"description": "Savings"
	},
	{
		"nombre": "payment",
		"idJuego": 637,
		"desarrollador": "Telltale",
		"fechaLanzamiento": "1995-12-05T11:05:37.785Z",
		"leadDesigner": {
			"firstName": "Jaylen",
			"lastName": "Waters"
		},
		"sales": 11953233,
		"genre": "Platformer",
		"description": "Chips Implementation mint"
	},
	{
		"nombre": "Branding Account optical",
		"idJuego": 638,
		"desarrollador": "Infinity Ward",
		"fechaLanzamiento": "2004-10-04T11:00:22.228Z",
		"leadDesigner": {
			"firstName": "Ayden",
			"lastName": "Hettinger"
		},
		"sales": 23239847,
		"genre": "RPG",
		"description": "USB indexing overriding"
	},
	{
		"nombre": "Unbranded Account Kentucky",
		"idJuego": 639,
		"desarrollador": "Telltale",
		"fechaLanzamiento": "1999-04-10T11:40:58.190Z",
		"leadDesigner": {
			"firstName": "Terrence",
			"lastName": "Hoppe"
		},
		"sales": 30323102,
		"genre": "RPG",
		"description": "copying"
	},
	{
		"nombre": "Consultant",
		"idJuego": 640,
		"desarrollador": "Ubisoft",
		"fechaLanzamiento": "2018-11-08T03:58:36.161Z",
		"leadDesigner": {
			"firstName": "Damon",
			"lastName": "Lesch"
		},
		"sales": 3615402,
		"genre": "Racing",
		"description": "back-end visualize"
	},
	{
		"nombre": "Nicaragua Niue connecting",
		"idJuego": 641,
		"desarrollador": "Skybound",
		"fechaLanzamiento": "2009-08-10T22:01:46.172Z",
		"leadDesigner": {
			"firstName": "Waldo",
			"lastName": "Collier"
		},
		"sales": 18007764,
		"genre": "Sandbox",
		"description": "Rustic Rubber"
	},
	{
		"nombre": "primary",
		"idJuego": 642,
		"desarrollador": "Skybound",
		"fechaLanzamiento": "2017-06-23T08:50:06.979Z",
		"leadDesigner": {
			"firstName": "Myron",
			"lastName": "Stiedemann"
		},
		"sales": 20719389,
		"genre": "Fighting",
		"description": "flexibility"
	},
	{
		"nombre": "Technician International",
		"idJuego": 643,
		"desarrollador": "Ubisoft",
		"fechaLanzamiento": "1987-03-05T22:22:30.999Z",
		"leadDesigner": {
			"firstName": "Anissa",
			"lastName": "Koepp"
		},
		"sales": 14940356,
		"genre": "Sandbox",
		"description": "eyeballs Digitized"
	},
	{
		"nombre": "Bike",
		"idJuego": 644,
		"desarrollador": "2kGames",
		"fechaLanzamiento": "2020-08-20T17:35:28.473Z",
		"leadDesigner": {
			"firstName": "Polly",
			"lastName": "West"
		},
		"sales": 15675555,
		"genre": "Platformer",
		"description": "Tools mobile Clothing"
	},
	{
		"nombre": "algorithm",
		"idJuego": 645,
		"desarrollador": "343 Industries",
		"fechaLanzamiento": "2021-09-02T03:47:53.435Z",
		"leadDesigner": {
			"firstName": "Oswaldo",
			"lastName": "Leannon"
		},
		"sales": 24842689,
		"genre": "Sandbox",
		"description": "Account Peso Chair"
	},
	{
		"nombre": "line TCP",
		"idJuego": 646,
		"desarrollador": "2kGames",
		"fechaLanzamiento": "2007-02-17T12:11:08.097Z",
		"leadDesigner": {
			"firstName": "Tyrel",
			"lastName": "Howe"
		},
		"sales": 23989063,
		"genre": "Sandbox",
		"description": "primary"
	},
	{
		"nombre": "Soft SDD silver",
		"idJuego": 647,
		"desarrollador": "Ubisoft",
		"fechaLanzamiento": "1988-04-28T01:20:37.969Z",
		"leadDesigner": {
			"firstName": "Jaquan",
			"lastName": "Corkery"
		},
		"sales": 23902948,
		"genre": "Racing",
		"description": "Metal Analyst"
	},
	{
		"nombre": "Sleek primary",
		"idJuego": 648,
		"desarrollador": "Skybound",
		"fechaLanzamiento": "2016-11-19T20:47:16.635Z",
		"leadDesigner": {
			"firstName": "Juvenal",
			"lastName": "Durgan"
		},
		"sales": 11409149,
		"genre": "Platformer",
		"description": "Central Health Fresh"
	},
	{
		"nombre": "Fish",
		"idJuego": 649,
		"desarrollador": "2kGames",
		"fechaLanzamiento": "2024-08-21T15:18:53.466Z",
		"leadDesigner": {
			"firstName": "Brook",
			"lastName": "Johns"
		},
		"sales": 22032406,
		"genre": "Adventure",
		"description": "magenta niches"
	},
	{
		"nombre": "deposit",
		"idJuego": 650,
		"desarrollador": "Skybound",
		"fechaLanzamiento": "2022-07-15T22:57:03.545Z",
		"leadDesigner": {
			"firstName": "Pamela",
			"lastName": "Goyette"
		},
		"sales": 22828189,
		"genre": "RPG",
		"description": "Avon e-business background"
	},
	{
		"nombre": "Cambridgeshire",
		"idJuego": 651,
		"desarrollador": "Telltale",
		"fechaLanzamiento": "2005-03-09T12:06:50.719Z",
		"leadDesigner": {
			"firstName": "Reid",
			"lastName": "King"
		},
		"sales": 13906814,
		"genre": "FPS",
		"description": "Tanzania Djibouti Georgia"
	},
	{
		"nombre": "Rustic",
		"idJuego": 652,
		"desarrollador": "2kGames",
		"fechaLanzamiento": "2002-07-31T07:02:16.107Z",
		"leadDesigner": {
			"firstName": "Zion",
			"lastName": "Friesen"
		},
		"sales": 20208452,
		"genre": "Sandbox",
		"description": "hacking"
	},
	{
		"nombre": "Afghani USB North",
		"idJuego": 653,
		"desarrollador": "Infinity Ward",
		"fechaLanzamiento": "2018-06-24T16:50:03.805Z",
		"leadDesigner": {
			"firstName": "Dean",
			"lastName": "Hackett"
		},
		"sales": 6005475,
		"genre": "Adventure",
		"description": "lavender Concrete"
	},
	{
		"nombre": "Fantastic asynchronous Chips",
		"idJuego": 654,
		"desarrollador": "Ubisoft",
		"fechaLanzamiento": "2021-08-04T18:55:20.870Z",
		"leadDesigner": {
			"firstName": "Daron",
			"lastName": "Weissnat"
		},
		"sales": 20881642,
		"genre": "Racing",
		"description": "Computer ADP"
	},
	{
		"nombre": "Concrete",
		"idJuego": 655,
		"desarrollador": "Skybound",
		"fechaLanzamiento": "2019-06-28T07:37:59.293Z",
		"leadDesigner": {
			"firstName": "Arely",
			"lastName": "Lakin"
		},
		"sales": 11709331,
		"genre": "RPG",
		"description": "Fork orange"
	},
	{
		"nombre": "Direct",
		"idJuego": 656,
		"desarrollador": "Mojang",
		"fechaLanzamiento": "2017-10-20T21:55:28.433Z",
		"leadDesigner": {
			"firstName": "Marjory",
			"lastName": "Cummerata"
		},
		"sales": 1009913,
		"genre": "MOBA",
		"description": "Frozen"
	},
	{
		"nombre": "sensor TCP",
		"idJuego": 657,
		"desarrollador": "Infinity Ward",
		"fechaLanzamiento": "2002-08-05T10:00:44.597Z",
		"leadDesigner": {
			"firstName": "Adam",
			"lastName": "Gorczany"
		},
		"sales": 27837488,
		"genre": "RPG",
		"description": "Table Infrastructure target"
	},
	{
		"nombre": "Kids",
		"idJuego": 658,
		"desarrollador": "Ubisoft",
		"fechaLanzamiento": "1992-06-22T17:26:43.205Z",
		"leadDesigner": {
			"firstName": "Rudy",
			"lastName": "Botsford"
		},
		"sales": 11889479,
		"genre": "Adventure",
		"description": "FTP Niger Gorgeous"
	},
	{
		"nombre": "24/365 Fresh system-worthy",
		"idJuego": 659,
		"desarrollador": "343 Industries",
		"fechaLanzamiento": "2015-06-02T00:03:49.617Z",
		"leadDesigner": {
			"firstName": "Ryann",
			"lastName": "Wiegand"
		},
		"sales": 20544816,
		"genre": "RPG",
		"description": "Forward"
	},
	{
		"nombre": "Practical",
		"idJuego": 660,
		"desarrollador": "Mojang",
		"fechaLanzamiento": "2001-03-14T08:31:49.508Z",
		"leadDesigner": {
			"firstName": "Amaya",
			"lastName": "King"
		},
		"sales": 15625126,
		"genre": "FPS",
		"description": "Hampshire Cambridgeshire Representative"
	},
	{
		"nombre": "Electronics EXE time-frame",
		"idJuego": 661,
		"desarrollador": "Skybound",
		"fechaLanzamiento": "1994-07-16T11:46:15.509Z",
		"leadDesigner": {
			"firstName": "Gust",
			"lastName": "Greenholt"
		},
		"sales": 19710750,
		"genre": "Adventure",
		"description": "pink"
	},
	{
		"nombre": "connecting Cambridgeshire matrix",
		"idJuego": 662,
		"desarrollador": "Mojang",
		"fechaLanzamiento": "1987-05-07T06:31:35.465Z",
		"leadDesigner": {
			"firstName": "Jasper",
			"lastName": "Schuppe"
		},
		"sales": 19174316,
		"genre": "RPG",
		"description": "channels Metal"
	},
	{
		"nombre": "withdrawal transmitting purple",
		"idJuego": 663,
		"desarrollador": "Infinity Ward",
		"fechaLanzamiento": "1996-01-30T13:33:10.911Z",
		"leadDesigner": {
			"firstName": "Virgie",
			"lastName": "Morissette"
		},
		"sales": 22797082,
		"genre": "Sandbox",
		"description": "Quality"
	},
	{
		"nombre": "Bedfordshire Sausages JSON",
		"idJuego": 664,
		"desarrollador": "Skybound",
		"fechaLanzamiento": "1999-11-06T17:09:08.699Z",
		"leadDesigner": {
			"firstName": "Eleazar",
			"lastName": "Satterfield"
		},
		"sales": 1476985,
		"genre": "Platformer",
		"description": "Avon"
	},
	{
		"nombre": "AGP",
		"idJuego": 665,
		"desarrollador": "Skybound",
		"fechaLanzamiento": "2011-05-14T03:07:39.793Z",
		"leadDesigner": {
			"firstName": "Candida",
			"lastName": "Sanford"
		},
		"sales": 2771683,
		"genre": "Adventure",
		"description": "Jewelery Account real-time"
	},
	{
		"nombre": "Shoals full-range",
		"idJuego": 666,
		"desarrollador": "Skybound",
		"fechaLanzamiento": "1997-09-18T02:11:18.417Z",
		"leadDesigner": {
			"firstName": "Talon",
			"lastName": "Koss"
		},
		"sales": 17054504,
		"genre": "FPS",
		"description": "Meadows RAM"
	},
	{
		"nombre": "CSS SDD Guadeloupe",
		"idJuego": 667,
		"desarrollador": "Mojang",
		"fechaLanzamiento": "2006-01-17T07:54:00.106Z",
		"leadDesigner": {
			"firstName": "Wendell",
			"lastName": "Hegmann"
		},
		"sales": 28484210,
		"genre": "Adventure",
		"description": "Plain USB Strategist"
	},
	{
		"nombre": "Checking index",
		"idJuego": 668,
		"desarrollador": "Infinity Ward",
		"fechaLanzamiento": "2012-02-13T13:49:18.549Z",
		"leadDesigner": {
			"firstName": "Jamar",
			"lastName": "Rowe"
		},
		"sales": 21439423,
		"genre": "Adventure",
		"description": "Global invoice card"
	},
	{
		"nombre": "Buckinghamshire Outdoors attitude",
		"idJuego": 669,
		"desarrollador": "Telltale",
		"fechaLanzamiento": "2007-03-16T07:34:41.075Z",
		"leadDesigner": {
			"firstName": "Kennedy",
			"lastName": "Hand"
		},
		"sales": 13433375,
		"genre": "MOBA",
		"description": "alarm backing Bedfordshire"
	},
	{
		"nombre": "Sleek invoice Solutions",
		"idJuego": 670,
		"desarrollador": "Mojang",
		"fechaLanzamiento": "2024-06-22T14:09:28.778Z",
		"leadDesigner": {
			"firstName": "Delmer",
			"lastName": "Bednar"
		},
		"sales": 20651357,
		"genre": "Platformer",
		"description": "Account violet"
	},
	{
		"nombre": "IB",
		"idJuego": 671,
		"desarrollador": "Telltale",
		"fechaLanzamiento": "2000-05-08T15:02:48.760Z",
		"leadDesigner": {
			"firstName": "Kay",
			"lastName": "Block"
		},
		"sales": 25355428,
		"genre": "Sandbox",
		"description": "Bacon clear-thinking"
	},
	{
		"nombre": "Sleek ADP",
		"idJuego": 672,
		"desarrollador": "2kGames",
		"fechaLanzamiento": "1995-04-13T18:48:21.889Z",
		"leadDesigner": {
			"firstName": "Delaney",
			"lastName": "Hyatt"
		},
		"sales": 5169105,
		"genre": "Sandbox",
		"description": "interactive"
	},
	{
		"nombre": "payment",
		"idJuego": 673,
		"desarrollador": "Telltale",
		"fechaLanzamiento": "1991-03-29T04:12:02.165Z",
		"leadDesigner": {
			"firstName": "Bradford",
			"lastName": "Ritchie"
		},
		"sales": 2415042,
		"genre": "RPG",
		"description": "Ergonomic maroon"
	},
	{
		"nombre": "open-source Persevering back-end",
		"idJuego": 674,
		"desarrollador": "Telltale",
		"fechaLanzamiento": "2015-05-21T02:57:27.528Z",
		"leadDesigner": {
			"firstName": "Mitchel",
			"lastName": "Connelly"
		},
		"sales": 8475009,
		"genre": "Platformer",
		"description": "metrics Rustic"
	},
	{
		"nombre": "Cameroon Customer-focused Account",
		"idJuego": 675,
		"desarrollador": "Ubisoft",
		"fechaLanzamiento": "1998-01-24T03:37:39.581Z",
		"leadDesigner": {
			"firstName": "Mae",
			"lastName": "Kilback"
		},
		"sales": 7676141,
		"genre": "RPG",
		"description": "Car Shoes"
	},
	{
		"nombre": "Communications California Graphical",
		"idJuego": 676,
		"desarrollador": "2kGames",
		"fechaLanzamiento": "2011-07-18T17:58:10.291Z",
		"leadDesigner": {
			"firstName": "Estefania",
			"lastName": "Prohaska"
		},
		"sales": 15543618,
		"genre": "Fighting",
		"description": "Associate Rubber Upgradable"
	},
	{
		"nombre": "generate bandwidth",
		"idJuego": 677,
		"desarrollador": "Skybound",
		"fechaLanzamiento": "2023-01-06T01:12:42.805Z",
		"leadDesigner": {
			"firstName": "Trinity",
			"lastName": "Quigley"
		},
		"sales": 2948356,
		"genre": "Fighting",
		"description": "Oregon Fundamental"
	},
	{
		"nombre": "Mission Identity Associate",
		"idJuego": 678,
		"desarrollador": "2kGames",
		"fechaLanzamiento": "1988-03-15T06:03:08.825Z",
		"leadDesigner": {
			"firstName": "Alysha",
			"lastName": "Leuschke"
		},
		"sales": 6298787,
		"genre": "FPS",
		"description": "Account Brand"
	},
	{
		"nombre": "Multi-channelled French CSS",
		"idJuego": 679,
		"desarrollador": "Skybound",
		"fechaLanzamiento": "1988-11-24T11:35:32.588Z",
		"leadDesigner": {
			"firstName": "Melyssa",
			"lastName": "Muller"
		},
		"sales": 7977172,
		"genre": "Sandbox",
		"description": "Tennessee Direct"
	},
	{
		"nombre": "JSON",
		"idJuego": 680,
		"desarrollador": "Ubisoft",
		"fechaLanzamiento": "1989-11-24T19:28:17.726Z",
		"leadDesigner": {
			"firstName": "Bradley",
			"lastName": "Schmidt"
		},
		"sales": 13040395,
		"genre": "Racing",
		"description": "navigate Republic Summit"
	},
	{
		"nombre": "Wisconsin Dam Dynamic",
		"idJuego": 681,
		"desarrollador": "2kGames",
		"fechaLanzamiento": "1991-10-20T18:42:32.987Z",
		"leadDesigner": {
			"firstName": "Elliott",
			"lastName": "Hilpert"
		},
		"sales": 26359263,
		"genre": "FPS",
		"description": "programming online interface"
	},
	{
		"nombre": "orange Mouse Intelligent",
		"idJuego": 682,
		"desarrollador": "343 Industries",
		"fechaLanzamiento": "2007-01-12T16:54:47.217Z",
		"leadDesigner": {
			"firstName": "Silas",
			"lastName": "Hessel"
		},
		"sales": 10363456,
		"genre": "MOBA",
		"description": "revolutionary bricks-and-clicks leverage"
	},
	{
		"nombre": "Home",
		"idJuego": 683,
		"desarrollador": "Telltale",
		"fechaLanzamiento": "2011-01-26T19:30:24.826Z",
		"leadDesigner": {
			"firstName": "Libbie",
			"lastName": "Goldner"
		},
		"sales": 16424885,
		"genre": "MOBA",
		"description": "deliver up"
	},
	{
		"nombre": "applications Sierra",
		"idJuego": 684,
		"desarrollador": "Bungie",
		"fechaLanzamiento": "1997-12-25T02:22:20.669Z",
		"leadDesigner": {
			"firstName": "Hollie",
			"lastName": "Orn"
		},
		"sales": 18109337,
		"genre": "Racing",
		"description": "Orchestrator Beauty fuchsia"
	},
	{
		"nombre": "Lead Avon Planner",
		"idJuego": 685,
		"desarrollador": "Ubisoft",
		"fechaLanzamiento": "2004-01-14T19:41:00.278Z",
		"leadDesigner": {
			"firstName": "Sophia",
			"lastName": "Schumm"
		},
		"sales": 7505751,
		"genre": "FPS",
		"description": "yellow Nakfa"
	},
	{
		"nombre": "Checking",
		"idJuego": 686,
		"desarrollador": "2kGames",
		"fechaLanzamiento": "1997-10-08T02:28:11.305Z",
		"leadDesigner": {
			"firstName": "Joy",
			"lastName": "Medhurst"
		},
		"sales": 13844615,
		"genre": "Sandbox",
		"description": "Isle Generic Borders"
	},
	{
		"nombre": "Optimization B2C exploit",
		"idJuego": 687,
		"desarrollador": "Telltale",
		"fechaLanzamiento": "1997-03-26T14:32:34.791Z",
		"leadDesigner": {
			"firstName": "Dorothea",
			"lastName": "Treutel"
		},
		"sales": 9304733,
		"genre": "MOBA",
		"description": "cross-platform Investor matrix"
	},
	{
		"nombre": "Tuna hacking firewall",
		"idJuego": 688,
		"desarrollador": "343 Industries",
		"fechaLanzamiento": "2007-05-21T20:26:40.042Z",
		"leadDesigner": {
			"firstName": "Garrett",
			"lastName": "Bradtke"
		},
		"sales": 23250504,
		"genre": "Racing",
		"description": "generate Optimized"
	},
	{
		"nombre": "human-resource IB Electronics",
		"idJuego": 689,
		"desarrollador": "Mojang",
		"fechaLanzamiento": "2003-10-16T14:40:21.791Z",
		"leadDesigner": {
			"firstName": "Blake",
			"lastName": "Stracke"
		},
		"sales": 23977112,
		"genre": "Sandbox",
		"description": "enhance Fresh"
	},
	{
		"nombre": "Trafficway Licensed",
		"idJuego": 690,
		"desarrollador": "Ubisoft",
		"fechaLanzamiento": "1986-07-27T10:39:21.995Z",
		"leadDesigner": {
			"firstName": "Emmet",
			"lastName": "Cormier"
		},
		"sales": 10364693,
		"genre": "MOBA",
		"description": "Rubber SCSI hierarchy"
	},
	{
		"nombre": "Switchable COM",
		"idJuego": 691,
		"desarrollador": "2kGames",
		"fechaLanzamiento": "2002-10-28T18:43:25.148Z",
		"leadDesigner": {
			"firstName": "Jude",
			"lastName": "Maggio"
		},
		"sales": 21071191,
		"genre": "MOBA",
		"description": "website violet"
	},
	{
		"nombre": "Baht",
		"idJuego": 692,
		"desarrollador": "343 Industries",
		"fechaLanzamiento": "2012-11-01T05:44:15.558Z",
		"leadDesigner": {
			"firstName": "Roselyn",
			"lastName": "Wintheiser"
		},
		"sales": 11941090,
		"genre": "Sandbox",
		"description": "Switzerland Soap"
	},
	{
		"nombre": "Gabon relationships circuit",
		"idJuego": 693,
		"desarrollador": "Telltale",
		"fechaLanzamiento": "1994-02-06T09:37:27.175Z",
		"leadDesigner": {
			"firstName": "Fae",
			"lastName": "Crona"
		},
		"sales": 25723796,
		"genre": "Fighting",
		"description": "Usability revolutionize"
	},
	{
		"nombre": "uniform input",
		"idJuego": 694,
		"desarrollador": "2kGames",
		"fechaLanzamiento": "1989-07-17T18:33:09.168Z",
		"leadDesigner": {
			"firstName": "Elbert",
			"lastName": "Kuhlman"
		},
		"sales": 26025095,
		"genre": "Fighting",
		"description": "Ohio overriding"
	},
	{
		"nombre": "Illinois Handcrafted plug-and-play",
		"idJuego": 695,
		"desarrollador": "Mojang",
		"fechaLanzamiento": "2013-04-19T23:36:30.817Z",
		"leadDesigner": {
			"firstName": "Jeramie",
			"lastName": "Gleichner"
		},
		"sales": 6947347,
		"genre": "Racing",
		"description": "Maine deposit bi-directional"
	},
	{
		"nombre": "Buckinghamshire Salad online",
		"idJuego": 696,
		"desarrollador": "343 Industries",
		"fechaLanzamiento": "2003-05-21T16:27:38.412Z",
		"leadDesigner": {
			"firstName": "Unique",
			"lastName": "Stokes"
		},
		"sales": 17230802,
		"genre": "MOBA",
		"description": "drive niches"
	},
	{
		"nombre": "mindshare",
		"idJuego": 697,
		"desarrollador": "343 Industries",
		"fechaLanzamiento": "2003-08-16T18:45:34.589Z",
		"leadDesigner": {
			"firstName": "Althea",
			"lastName": "Denesik"
		},
		"sales": 16632686,
		"genre": "Sandbox",
		"description": "Florida"
	},
	{
		"nombre": "Heights Rupee",
		"idJuego": 698,
		"desarrollador": "Mojang",
		"fechaLanzamiento": "2007-04-25T05:44:51.759Z",
		"leadDesigner": {
			"firstName": "Domenic",
			"lastName": "Simonis"
		},
		"sales": 20755551,
		"genre": "Adventure",
		"description": "pixel program"
	},
	{
		"nombre": "Pizza bluetooth Handcrafted",
		"idJuego": 699,
		"desarrollador": "Ubisoft",
		"fechaLanzamiento": "1994-02-18T12:44:31.859Z",
		"leadDesigner": {
			"firstName": "Jillian",
			"lastName": "Shields"
		},
		"sales": 12786298,
		"genre": "Platformer",
		"description": "Ohio Borders"
	},
	{
		"nombre": "Idaho Versatile Program",
		"idJuego": 700,
		"desarrollador": "Infinity Ward",
		"fechaLanzamiento": "2024-07-16T15:33:45.793Z",
		"leadDesigner": {
			"firstName": "Judd",
			"lastName": "Hauck"
		},
		"sales": 30459745,
		"genre": "Platformer",
		"description": "grey"
	},
	{
		"nombre": "online withdrawal",
		"idJuego": 701,
		"desarrollador": "Telltale",
		"fechaLanzamiento": "2023-09-15T04:29:41.050Z",
		"leadDesigner": {
			"firstName": "Marley",
			"lastName": "Sauer"
		},
		"sales": 5410045,
		"genre": "Fighting",
		"description": "Concrete Gorgeous"
	},
	{
		"nombre": "Liaison",
		"idJuego": 702,
		"desarrollador": "Bungie",
		"fechaLanzamiento": "2002-12-20T22:26:21.578Z",
		"leadDesigner": {
			"firstName": "Giovanni",
			"lastName": "Kunde"
		},
		"sales": 23114489,
		"genre": "FPS",
		"description": "Shilling"
	},
	{
		"nombre": "Tasty Direct Dinar",
		"idJuego": 703,
		"desarrollador": "2kGames",
		"fechaLanzamiento": "2024-04-20T15:41:08.427Z",
		"leadDesigner": {
			"firstName": "Duane",
			"lastName": "Kiehn"
		},
		"sales": 28489205,
		"genre": "RPG",
		"description": "Avon withdrawal Small"
	},
	{
		"nombre": "Strategist Fantastic yellow",
		"idJuego": 704,
		"desarrollador": "Ubisoft",
		"fechaLanzamiento": "2000-11-11T00:56:33.875Z",
		"leadDesigner": {
			"firstName": "Boris",
			"lastName": "Lueilwitz"
		},
		"sales": 3877541,
		"genre": "Fighting",
		"description": "conglomeration Synergistic"
	},
	{
		"nombre": "protocol Cotton",
		"idJuego": 705,
		"desarrollador": "Skybound",
		"fechaLanzamiento": "2017-09-15T21:48:01.752Z",
		"leadDesigner": {
			"firstName": "Lelia",
			"lastName": "Witting"
		},
		"sales": 7363167,
		"genre": "RPG",
		"description": "strategy payment"
	},
	{
		"nombre": "Keyboard Regional",
		"idJuego": 706,
		"desarrollador": "2kGames",
		"fechaLanzamiento": "2017-02-28T01:56:54.229Z",
		"leadDesigner": {
			"firstName": "Merritt",
			"lastName": "Beahan"
		},
		"sales": 8997065,
		"genre": "Fighting",
		"description": "SDD AI"
	},
	{
		"nombre": "Soft Minnesota",
		"idJuego": 707,
		"desarrollador": "Infinity Ward",
		"fechaLanzamiento": "2020-11-23T17:18:00.494Z",
		"leadDesigner": {
			"firstName": "Magali",
			"lastName": "Flatley"
		},
		"sales": 5223737,
		"genre": "Fighting",
		"description": "Associate end-to-end Streamlined"
	},
	{
		"nombre": "ROI PNG",
		"idJuego": 708,
		"desarrollador": "Skybound",
		"fechaLanzamiento": "2023-03-03T23:24:32.672Z",
		"leadDesigner": {
			"firstName": "Logan",
			"lastName": "Heaney"
		},
		"sales": 3264751,
		"genre": "RPG",
		"description": "black"
	},
	{
		"nombre": "deliver",
		"idJuego": 709,
		"desarrollador": "Telltale",
		"fechaLanzamiento": "2010-08-15T13:59:59.140Z",
		"leadDesigner": {
			"firstName": "Gustave",
			"lastName": "Gibson"
		},
		"sales": 23217888,
		"genre": "Adventure",
		"description": "Checking Shoes"
	},
	{
		"nombre": "Dynamic reboot",
		"idJuego": 710,
		"desarrollador": "Ubisoft",
		"fechaLanzamiento": "2017-01-05T09:47:51.012Z",
		"leadDesigner": {
			"firstName": "Arch",
			"lastName": "Kerluke"
		},
		"sales": 7293435,
		"genre": "Adventure",
		"description": "back solid"
	},
	{
		"nombre": "Practical",
		"idJuego": 711,
		"desarrollador": "Infinity Ward",
		"fechaLanzamiento": "2021-10-17T19:02:10.765Z",
		"leadDesigner": {
			"firstName": "Keshaun",
			"lastName": "Russel"
		},
		"sales": 12319649,
		"genre": "Adventure",
		"description": "end-to-end"
	},
	{
		"nombre": "copying platforms",
		"idJuego": 712,
		"desarrollador": "2kGames",
		"fechaLanzamiento": "2017-06-20T01:04:53.323Z",
		"leadDesigner": {
			"firstName": "Dortha",
			"lastName": "Grady"
		},
		"sales": 21990669,
		"genre": "FPS",
		"description": "web-readiness platforms Rufiyaa"
	},
	{
		"nombre": "Consultant PNG Ameliorated",
		"idJuego": 713,
		"desarrollador": "2kGames",
		"fechaLanzamiento": "1998-07-01T22:57:25.546Z",
		"leadDesigner": {
			"firstName": "Lelah",
			"lastName": "Hilll"
		},
		"sales": 7940214,
		"genre": "Racing",
		"description": "Kansas virtual"
	},
	{
		"nombre": "holistic auxiliary infrastructures",
		"idJuego": 714,
		"desarrollador": "Bungie",
		"fechaLanzamiento": "1995-12-17T08:26:58.402Z",
		"leadDesigner": {
			"firstName": "Simeon",
			"lastName": "Funk"
		},
		"sales": 14478040,
		"genre": "Adventure",
		"description": "Specialist Awesome Frozen"
	},
	{
		"nombre": "quantifying bypassing",
		"idJuego": 715,
		"desarrollador": "Telltale",
		"fechaLanzamiento": "1998-06-24T06:27:48.060Z",
		"leadDesigner": {
			"firstName": "Althea",
			"lastName": "Metz"
		},
		"sales": 5049886,
		"genre": "Racing",
		"description": "optimize"
	},
	{
		"nombre": "Hat Solutions",
		"idJuego": 716,
		"desarrollador": "Telltale",
		"fechaLanzamiento": "1989-07-11T06:34:04.390Z",
		"leadDesigner": {
			"firstName": "Geovany",
			"lastName": "Hane"
		},
		"sales": 1816120,
		"genre": "Sandbox",
		"description": "invoice Cliff"
	},
	{
		"nombre": "local green",
		"idJuego": 717,
		"desarrollador": "Telltale",
		"fechaLanzamiento": "2011-05-15T09:03:20.584Z",
		"leadDesigner": {
			"firstName": "Ida",
			"lastName": "Cremin"
		},
		"sales": 8566098,
		"genre": "Racing",
		"description": "exploit Rubber"
	},
	{
		"nombre": "Ergonomic Station out-of-the-box",
		"idJuego": 718,
		"desarrollador": "Ubisoft",
		"fechaLanzamiento": "1989-03-29T14:25:27.292Z",
		"leadDesigner": {
			"firstName": "Lenna",
			"lastName": "McKenzie"
		},
		"sales": 9175983,
		"genre": "Adventure",
		"description": "Coordinator"
	},
	{
		"nombre": "Table reinvent",
		"idJuego": 719,
		"desarrollador": "Skybound",
		"fechaLanzamiento": "2010-01-13T22:14:06.670Z",
		"leadDesigner": {
			"firstName": "Carolyne",
			"lastName": "Stehr"
		},
		"sales": 16874177,
		"genre": "Platformer",
		"description": "systems Ergonomic aggregate"
	},
	{
		"nombre": "deposit",
		"idJuego": 720,
		"desarrollador": "Mojang",
		"fechaLanzamiento": "1993-07-09T16:07:38.680Z",
		"leadDesigner": {
			"firstName": "Yasmine",
			"lastName": "D'Amore"
		},
		"sales": 19410770,
		"genre": "Fighting",
		"description": "Buckinghamshire Savings Concrete"
	},
	{
		"nombre": "panel Gloves",
		"idJuego": 721,
		"desarrollador": "2kGames",
		"fechaLanzamiento": "2007-12-28T15:41:27.085Z",
		"leadDesigner": {
			"firstName": "Kelsi",
			"lastName": "Schulist"
		},
		"sales": 5466466,
		"genre": "Platformer",
		"description": "Pants disintermediate"
	},
	{
		"nombre": "silver teal",
		"idJuego": 722,
		"desarrollador": "2kGames",
		"fechaLanzamiento": "2023-01-07T16:32:51.725Z",
		"leadDesigner": {
			"firstName": "Lincoln",
			"lastName": "Conroy"
		},
		"sales": 9685445,
		"genre": "Sandbox",
		"description": "programming deliver HTTP"
	},
	{
		"nombre": "Specialist",
		"idJuego": 723,
		"desarrollador": "Ubisoft",
		"fechaLanzamiento": "1993-12-04T20:16:30.168Z",
		"leadDesigner": {
			"firstName": "Garrison",
			"lastName": "Wintheiser"
		},
		"sales": 29919834,
		"genre": "MOBA",
		"description": "bottom-line"
	},
	{
		"nombre": "discrete",
		"idJuego": 724,
		"desarrollador": "Skybound",
		"fechaLanzamiento": "2011-04-12T16:07:21.673Z",
		"leadDesigner": {
			"firstName": "Cleve",
			"lastName": "Jenkins"
		},
		"sales": 28920606,
		"genre": "Sandbox",
		"description": "France"
	},
	{
		"nombre": "Islands",
		"idJuego": 725,
		"desarrollador": "343 Industries",
		"fechaLanzamiento": "1986-11-26T16:55:03.440Z",
		"leadDesigner": {
			"firstName": "Barry",
			"lastName": "Wiza"
		},
		"sales": 12850468,
		"genre": "MOBA",
		"description": "Cambridgeshire"
	},
	{
		"nombre": "deposit Balanced application",
		"idJuego": 726,
		"desarrollador": "Ubisoft",
		"fechaLanzamiento": "1994-08-29T22:28:18.703Z",
		"leadDesigner": {
			"firstName": "Shawna",
			"lastName": "Kassulke"
		},
		"sales": 12555517,
		"genre": "MOBA",
		"description": "Bike Program Senior"
	},
	{
		"nombre": "Solutions Connecticut Buckinghamshire",
		"idJuego": 727,
		"desarrollador": "Skybound",
		"fechaLanzamiento": "1987-07-07T03:43:27.964Z",
		"leadDesigner": {
			"firstName": "Hailie",
			"lastName": "Ankunding"
		},
		"sales": 20747614,
		"genre": "Sandbox",
		"description": "withdrawal"
	},
	{
		"nombre": "Bacon invoice incentivize",
		"idJuego": 728,
		"desarrollador": "Mojang",
		"fechaLanzamiento": "2000-11-26T04:46:32.935Z",
		"leadDesigner": {
			"firstName": "Gabriella",
			"lastName": "Goyette"
		},
		"sales": 1216399,
		"genre": "Sandbox",
		"description": "Canyon Internal"
	},
	{
		"nombre": "Bedfordshire Monitored",
		"idJuego": 729,
		"desarrollador": "2kGames",
		"fechaLanzamiento": "2020-02-12T01:37:26.552Z",
		"leadDesigner": {
			"firstName": "Micheal",
			"lastName": "Windler"
		},
		"sales": 17013277,
		"genre": "Fighting",
		"description": "multimedia"
	},
	{
		"nombre": "open-source invoice",
		"idJuego": 730,
		"desarrollador": "Skybound",
		"fechaLanzamiento": "2002-11-15T16:58:25.949Z",
		"leadDesigner": {
			"firstName": "Aubree",
			"lastName": "Johns"
		},
		"sales": 14043491,
		"genre": "Fighting",
		"description": "ivory Rustic"
	},
	{
		"nombre": "robust",
		"idJuego": 731,
		"desarrollador": "Skybound",
		"fechaLanzamiento": "2011-03-13T15:41:03.891Z",
		"leadDesigner": {
			"firstName": "Lenore",
			"lastName": "Schmitt"
		},
		"sales": 17847054,
		"genre": "Fighting",
		"description": "Soap e-business"
	},
	{
		"nombre": "experiences Customizable",
		"idJuego": 732,
		"desarrollador": "2kGames",
		"fechaLanzamiento": "2023-04-23T14:10:39.327Z",
		"leadDesigner": {
			"firstName": "Gene",
			"lastName": "Hodkiewicz"
		},
		"sales": 2477572,
		"genre": "Adventure",
		"description": "Account"
	},
	{
		"nombre": "primary",
		"idJuego": 733,
		"desarrollador": "Ubisoft",
		"fechaLanzamiento": "2014-08-27T08:09:55.022Z",
		"leadDesigner": {
			"firstName": "Freeman",
			"lastName": "Klein"
		},
		"sales": 18102840,
		"genre": "RPG",
		"description": "approach the Frozen"
	},
	{
		"nombre": "Accounts Realigned Books",
		"idJuego": 734,
		"desarrollador": "Ubisoft",
		"fechaLanzamiento": "2023-02-22T02:16:34.689Z",
		"leadDesigner": {
			"firstName": "Ellsworth",
			"lastName": "Hessel"
		},
		"sales": 11644502,
		"genre": "Sandbox",
		"description": "FTP compressing"
	},
	{
		"nombre": "blue Legacy",
		"idJuego": 735,
		"desarrollador": "Skybound",
		"fechaLanzamiento": "1991-02-20T07:22:35.671Z",
		"leadDesigner": {
			"firstName": "Katharina",
			"lastName": "Pacocha"
		},
		"sales": 10991991,
		"genre": "Fighting",
		"description": "Palau Escudo Verde"
	},
	{
		"nombre": "Account and",
		"idJuego": 736,
		"desarrollador": "343 Industries",
		"fechaLanzamiento": "2012-11-02T22:59:24.173Z",
		"leadDesigner": {
			"firstName": "Amiya",
			"lastName": "Lueilwitz"
		},
		"sales": 19398594,
		"genre": "MOBA",
		"description": "program Accountability Mobility"
	},
	{
		"nombre": "Frozen",
		"idJuego": 737,
		"desarrollador": "Telltale",
		"fechaLanzamiento": "1994-10-06T06:12:09.649Z",
		"leadDesigner": {
			"firstName": "Kassandra",
			"lastName": "Bosco"
		},
		"sales": 22022815,
		"genre": "Adventure",
		"description": "Handmade Incredible Kansas"
	},
	{
		"nombre": "Granite",
		"idJuego": 738,
		"desarrollador": "Bungie",
		"fechaLanzamiento": "2023-06-06T10:33:26.350Z",
		"leadDesigner": {
			"firstName": "Wilber",
			"lastName": "Wilderman"
		},
		"sales": 7655433,
		"genre": "FPS",
		"description": "Swaziland"
	},
	{
		"nombre": "Kids programming",
		"idJuego": 739,
		"desarrollador": "Ubisoft",
		"fechaLanzamiento": "2001-12-27T15:26:33.548Z",
		"leadDesigner": {
			"firstName": "Paige",
			"lastName": "Abbott"
		},
		"sales": 10923685,
		"genre": "MOBA",
		"description": "Berkshire Wooden Chief"
	},
	{
		"nombre": "Thailand Intelligent International",
		"idJuego": 740,
		"desarrollador": "Mojang",
		"fechaLanzamiento": "2018-02-19T09:58:03.955Z",
		"leadDesigner": {
			"firstName": "Natalia",
			"lastName": "Schaefer"
		},
		"sales": 17842628,
		"genre": "Fighting",
		"description": "alarm"
	},
	{
		"nombre": "pink Berkshire Creative",
		"idJuego": 741,
		"desarrollador": "Ubisoft",
		"fechaLanzamiento": "1996-07-13T23:11:30.626Z",
		"leadDesigner": {
			"firstName": "Lexi",
			"lastName": "Herzog"
		},
		"sales": 19270898,
		"genre": "RPG",
		"description": "synergies AGP AI"
	},
	{
		"nombre": "Factors",
		"idJuego": 742,
		"desarrollador": "Bungie",
		"fechaLanzamiento": "1992-09-14T02:06:58.016Z",
		"leadDesigner": {
			"firstName": "Lucas",
			"lastName": "Padberg"
		},
		"sales": 17315975,
		"genre": "MOBA",
		"description": "Developer"
	},
	{
		"nombre": "seize",
		"idJuego": 743,
		"desarrollador": "Bungie",
		"fechaLanzamiento": "2005-06-15T05:07:26.893Z",
		"leadDesigner": {
			"firstName": "Jazmyn",
			"lastName": "Ziemann"
		},
		"sales": 8093816,
		"genre": "FPS",
		"description": "Israeli"
	},
	{
		"nombre": "Awesome Upgradable Toys",
		"idJuego": 744,
		"desarrollador": "Bungie",
		"fechaLanzamiento": "1989-03-11T20:54:03.790Z",
		"leadDesigner": {
			"firstName": "Lizzie",
			"lastName": "Nienow"
		},
		"sales": 1446479,
		"genre": "FPS",
		"description": "Guernsey"
	},
	{
		"nombre": "iterate Radial olive",
		"idJuego": 745,
		"desarrollador": "343 Industries",
		"fechaLanzamiento": "2014-04-07T03:36:30.803Z",
		"leadDesigner": {
			"firstName": "Bella",
			"lastName": "Schulist"
		},
		"sales": 20968700,
		"genre": "Platformer",
		"description": "Versatile Optimization"
	},
	{
		"nombre": "eyeballs e-tailers",
		"idJuego": 746,
		"desarrollador": "Infinity Ward",
		"fechaLanzamiento": "1987-08-19T23:56:47.676Z",
		"leadDesigner": {
			"firstName": "Clementina",
			"lastName": "Schiller"
		},
		"sales": 7490152,
		"genre": "Adventure",
		"description": "transform"
	},
	{
		"nombre": "Unbranded Clothing",
		"idJuego": 747,
		"desarrollador": "2kGames",
		"fechaLanzamiento": "2012-05-23T02:40:35.303Z",
		"leadDesigner": {
			"firstName": "Jade",
			"lastName": "Quitzon"
		},
		"sales": 24533549,
		"genre": "MOBA",
		"description": "Data"
	},
	{
		"nombre": "Keyboard TCP e-markets",
		"idJuego": 748,
		"desarrollador": "Ubisoft",
		"fechaLanzamiento": "1986-03-26T11:50:55.851Z",
		"leadDesigner": {
			"firstName": "Joshua",
			"lastName": "Cassin"
		},
		"sales": 6890177,
		"genre": "MOBA",
		"description": "ADP"
	},
	{
		"nombre": "panel",
		"idJuego": 749,
		"desarrollador": "Mojang",
		"fechaLanzamiento": "2012-06-18T09:17:53.525Z",
		"leadDesigner": {
			"firstName": "Maia",
			"lastName": "McCullough"
		},
		"sales": 9840484,
		"genre": "Adventure",
		"description": "Meadow FTP Facilitator"
	},
	{
		"nombre": "Israel interface",
		"idJuego": 750,
		"desarrollador": "Infinity Ward",
		"fechaLanzamiento": "2021-10-09T16:20:02.470Z",
		"leadDesigner": {
			"firstName": "Martin",
			"lastName": "Raynor"
		},
		"sales": 11470638,
		"genre": "Racing",
		"description": "Optimized Rubber Planner"
	},
	{
		"nombre": "copy",
		"idJuego": 751,
		"desarrollador": "Mojang",
		"fechaLanzamiento": "1990-10-27T17:42:45.720Z",
		"leadDesigner": {
			"firstName": "Aditya",
			"lastName": "Schaden"
		},
		"sales": 27768387,
		"genre": "Adventure",
		"description": "frictionless"
	},
	{
		"nombre": "asynchronous sexy impactful",
		"idJuego": 752,
		"desarrollador": "2kGames",
		"fechaLanzamiento": "1998-09-20T14:07:40.190Z",
		"leadDesigner": {
			"firstName": "Florence",
			"lastName": "Marks"
		},
		"sales": 17612341,
		"genre": "MOBA",
		"description": "Pizza blue"
	},
	{
		"nombre": "capacitor",
		"idJuego": 753,
		"desarrollador": "Skybound",
		"fechaLanzamiento": "2004-08-08T22:18:46.033Z",
		"leadDesigner": {
			"firstName": "Rafaela",
			"lastName": "Shields"
		},
		"sales": 22346191,
		"genre": "RPG",
		"description": "Human Granite"
	},
	{
		"nombre": "scalable",
		"idJuego": 754,
		"desarrollador": "Mojang",
		"fechaLanzamiento": "2013-10-07T14:47:19.301Z",
		"leadDesigner": {
			"firstName": "Kathlyn",
			"lastName": "Okuneva"
		},
		"sales": 16362769,
		"genre": "Racing",
		"description": "Dam optical Lead"
	},
	{
		"nombre": "online sensor virtual",
		"idJuego": 755,
		"desarrollador": "343 Industries",
		"fechaLanzamiento": "2011-04-04T14:10:23.859Z",
		"leadDesigner": {
			"firstName": "Erik",
			"lastName": "Erdman"
		},
		"sales": 6605821,
		"genre": "FPS",
		"description": "transitional Account"
	},
	{
		"nombre": "Metrics bluetooth Sports",
		"idJuego": 756,
		"desarrollador": "2kGames",
		"fechaLanzamiento": "1987-06-13T13:05:37.485Z",
		"leadDesigner": {
			"firstName": "Corbin",
			"lastName": "Wolf"
		},
		"sales": 3135255,
		"genre": "MOBA",
		"description": "Frozen Identity SAS"
	},
	{
		"nombre": "hacking",
		"idJuego": 757,
		"desarrollador": "343 Industries",
		"fechaLanzamiento": "2020-09-22T08:40:22.637Z",
		"leadDesigner": {
			"firstName": "Guadalupe",
			"lastName": "Morar"
		},
		"sales": 10065853,
		"genre": "MOBA",
		"description": "Island Handcrafted"
	},
	{
		"nombre": "Shoes",
		"idJuego": 758,
		"desarrollador": "2kGames",
		"fechaLanzamiento": "1996-06-05T16:21:39.463Z",
		"leadDesigner": {
			"firstName": "Adalberto",
			"lastName": "Klocko"
		},
		"sales": 9670125,
		"genre": "Fighting",
		"description": "Bermudian optical ubiquitous"
	},
	{
		"nombre": "cyan EXE Quality",
		"idJuego": 759,
		"desarrollador": "Mojang",
		"fechaLanzamiento": "1996-12-13T06:01:51.263Z",
		"leadDesigner": {
			"firstName": "Miguel",
			"lastName": "Dickens"
		},
		"sales": 28674315,
		"genre": "Fighting",
		"description": "user-centric Berkshire Madagascar"
	},
	{
		"nombre": "redefine",
		"idJuego": 760,
		"desarrollador": "343 Industries",
		"fechaLanzamiento": "2000-10-24T03:25:41.095Z",
		"leadDesigner": {
			"firstName": "Donavon",
			"lastName": "Fadel"
		},
		"sales": 22768122,
		"genre": "MOBA",
		"description": "supply-chains Tennessee"
	},
	{
		"nombre": "Clothing",
		"idJuego": 761,
		"desarrollador": "Mojang",
		"fechaLanzamiento": "1998-08-10T16:34:26.698Z",
		"leadDesigner": {
			"firstName": "Leanna",
			"lastName": "Bode"
		},
		"sales": 26011077,
		"genre": "Fighting",
		"description": "invoice Denar Mill"
	},
	{
		"nombre": "application",
		"idJuego": 762,
		"desarrollador": "343 Industries",
		"fechaLanzamiento": "1991-01-13T05:37:01.293Z",
		"leadDesigner": {
			"firstName": "Aisha",
			"lastName": "Cummings"
		},
		"sales": 10431294,
		"genre": "MOBA",
		"description": "Operative quantify"
	},
	{
		"nombre": "overriding Steel",
		"idJuego": 763,
		"desarrollador": "Skybound",
		"fechaLanzamiento": "2019-04-12T08:21:58.268Z",
		"leadDesigner": {
			"firstName": "Elenor",
			"lastName": "Kunze"
		},
		"sales": 2994786,
		"genre": "MOBA",
		"description": "Account supply-chains SCSI"
	},
	{
		"nombre": "viral calculate open-source",
		"idJuego": 764,
		"desarrollador": "343 Industries",
		"fechaLanzamiento": "1993-03-07T13:20:25.188Z",
		"leadDesigner": {
			"firstName": "Carlee",
			"lastName": "Hoppe"
		},
		"sales": 14635617,
		"genre": "Sandbox",
		"description": "Rubber deposit 1080p"
	},
	{
		"nombre": "Dynamic structure Licensed",
		"idJuego": 765,
		"desarrollador": "Mojang",
		"fechaLanzamiento": "2008-09-17T10:54:30.191Z",
		"leadDesigner": {
			"firstName": "Johanna",
			"lastName": "Dach"
		},
		"sales": 12744741,
		"genre": "RPG",
		"description": "New West fuchsia"
	},
	{
		"nombre": "Shores",
		"idJuego": 766,
		"desarrollador": "Bungie",
		"fechaLanzamiento": "2006-12-14T02:47:29.626Z",
		"leadDesigner": {
			"firstName": "D'angelo",
			"lastName": "Bogan"
		},
		"sales": 24192901,
		"genre": "Racing",
		"description": "Unbranded installation"
	},
	{
		"nombre": "maroon zero parse",
		"idJuego": 767,
		"desarrollador": "Bungie",
		"fechaLanzamiento": "1999-11-26T08:42:34.381Z",
		"leadDesigner": {
			"firstName": "Guido",
			"lastName": "Rice"
		},
		"sales": 21508183,
		"genre": "Platformer",
		"description": "Industrial Practical"
	},
	{
		"nombre": "Fantastic Plaza Island",
		"idJuego": 768,
		"desarrollador": "Bungie",
		"fechaLanzamiento": "2000-09-23T14:42:03.437Z",
		"leadDesigner": {
			"firstName": "Rosie",
			"lastName": "Nienow"
		},
		"sales": 18109491,
		"genre": "Sandbox",
		"description": "niches Designer"
	},
	{
		"nombre": "Passage Communications metrics",
		"idJuego": 769,
		"desarrollador": "Skybound",
		"fechaLanzamiento": "1990-11-30T00:07:54.346Z",
		"leadDesigner": {
			"firstName": "Fanny",
			"lastName": "Greenfelder"
		},
		"sales": 18292252,
		"genre": "Platformer",
		"description": "Bedfordshire neural-net"
	},
	{
		"nombre": "Producer online hour",
		"idJuego": 770,
		"desarrollador": "Infinity Ward",
		"fechaLanzamiento": "2017-10-08T19:33:26.782Z",
		"leadDesigner": {
			"firstName": "Colton",
			"lastName": "Stiedemann"
		},
		"sales": 6523708,
		"genre": "Fighting",
		"description": "Uzbekistan bypass indexing"
	},
	{
		"nombre": "Fresh Granite",
		"idJuego": 771,
		"desarrollador": "Infinity Ward",
		"fechaLanzamiento": "2016-12-08T11:03:42.275Z",
		"leadDesigner": {
			"firstName": "Shanon",
			"lastName": "Doyle"
		},
		"sales": 21661193,
		"genre": "FPS",
		"description": "Producer"
	},
	{
		"nombre": "Facilitator Gorgeous",
		"idJuego": 772,
		"desarrollador": "Ubisoft",
		"fechaLanzamiento": "2004-02-20T06:11:17.413Z",
		"leadDesigner": {
			"firstName": "Garnett",
			"lastName": "Kuhlman"
		},
		"sales": 23550891,
		"genre": "Sandbox",
		"description": "capacitor monitor haptic"
	},
	{
		"nombre": "Path Applications Optimization",
		"idJuego": 773,
		"desarrollador": "Bungie",
		"fechaLanzamiento": "2017-09-21T19:03:40.854Z",
		"leadDesigner": {
			"firstName": "Trisha",
			"lastName": "Schneider"
		},
		"sales": 7068941,
		"genre": "RPG",
		"description": "SMS"
	},
	{
		"nombre": "Fantastic",
		"idJuego": 774,
		"desarrollador": "Mojang",
		"fechaLanzamiento": "1999-07-14T22:33:33.876Z",
		"leadDesigner": {
			"firstName": "Sierra",
			"lastName": "Senger"
		},
		"sales": 28311606,
		"genre": "Fighting",
		"description": "Rustic hard"
	},
	{
		"nombre": "copying parse Data",
		"idJuego": 775,
		"desarrollador": "Bungie",
		"fechaLanzamiento": "1998-01-25T17:22:52.765Z",
		"leadDesigner": {
			"firstName": "Dayton",
			"lastName": "Gutmann"
		},
		"sales": 21728350,
		"genre": "Sandbox",
		"description": "synthesizing EXE"
	},
	{
		"nombre": "Account Wooden Strategist",
		"idJuego": 776,
		"desarrollador": "Mojang",
		"fechaLanzamiento": "2019-01-17T08:23:09.662Z",
		"leadDesigner": {
			"firstName": "Amparo",
			"lastName": "Shanahan"
		},
		"sales": 16318321,
		"genre": "MOBA",
		"description": "static responsive"
	},
	{
		"nombre": "brand",
		"idJuego": 777,
		"desarrollador": "Ubisoft",
		"fechaLanzamiento": "2013-08-16T15:50:14.449Z",
		"leadDesigner": {
			"firstName": "Mara",
			"lastName": "White"
		},
		"sales": 11078349,
		"genre": "Adventure",
		"description": "redundant local"
	},
	{
		"nombre": "Berkshire Concrete",
		"idJuego": 778,
		"desarrollador": "Infinity Ward",
		"fechaLanzamiento": "1987-01-23T08:38:19.054Z",
		"leadDesigner": {
			"firstName": "Wilbert",
			"lastName": "Murphy"
		},
		"sales": 15341842,
		"genre": "Platformer",
		"description": "definition Cyprus"
	},
	{
		"nombre": "Dynamic matrix",
		"idJuego": 779,
		"desarrollador": "343 Industries",
		"fechaLanzamiento": "1997-02-17T12:36:44.296Z",
		"leadDesigner": {
			"firstName": "Missouri",
			"lastName": "Considine"
		},
		"sales": 18006616,
		"genre": "Adventure",
		"description": "deliverables Soft programming"
	},
	{
		"nombre": "Planner Technician",
		"idJuego": 780,
		"desarrollador": "343 Industries",
		"fechaLanzamiento": "2000-05-10T07:33:52.505Z",
		"leadDesigner": {
			"firstName": "Izaiah",
			"lastName": "Purdy"
		},
		"sales": 18862956,
		"genre": "FPS",
		"description": "collaborative programming"
	},
	{
		"nombre": "mesh Bahrain",
		"idJuego": 781,
		"desarrollador": "Telltale",
		"fechaLanzamiento": "2008-09-15T06:15:04.081Z",
		"leadDesigner": {
			"firstName": "Noemy",
			"lastName": "Tremblay"
		},
		"sales": 25789609,
		"genre": "MOBA",
		"description": "Shoes connect Table"
	},
	{
		"nombre": "Handmade Central",
		"idJuego": 782,
		"desarrollador": "343 Industries",
		"fechaLanzamiento": "1998-08-11T21:55:41.391Z",
		"leadDesigner": {
			"firstName": "Alexandria",
			"lastName": "Spinka"
		},
		"sales": 23602586,
		"genre": "Fighting",
		"description": "Loan cyan"
	},
	{
		"nombre": "regional Nigeria",
		"idJuego": 783,
		"desarrollador": "Telltale",
		"fechaLanzamiento": "1990-09-19T16:48:16.536Z",
		"leadDesigner": {
			"firstName": "Gayle",
			"lastName": "Feest"
		},
		"sales": 5845334,
		"genre": "Sandbox",
		"description": "Dynamic"
	},
	{
		"nombre": "Liaison Fish approach",
		"idJuego": 784,
		"desarrollador": "Mojang",
		"fechaLanzamiento": "2024-02-22T19:29:01.722Z",
		"leadDesigner": {
			"firstName": "Carissa",
			"lastName": "Sawayn"
		},
		"sales": 4076405,
		"genre": "Platformer",
		"description": "Seamless Ball Kansas"
	},
	{
		"nombre": "Illinois Money driver",
		"idJuego": 785,
		"desarrollador": "Ubisoft",
		"fechaLanzamiento": "2024-03-06T03:56:46.242Z",
		"leadDesigner": {
			"firstName": "Ariane",
			"lastName": "Abernathy"
		},
		"sales": 14196298,
		"genre": "FPS",
		"description": "yellow"
	},
	{
		"nombre": "Cambridgeshire drive",
		"idJuego": 786,
		"desarrollador": "Bungie",
		"fechaLanzamiento": "2003-01-20T18:03:09.257Z",
		"leadDesigner": {
			"firstName": "Lysanne",
			"lastName": "Blanda"
		},
		"sales": 10670798,
		"genre": "Platformer",
		"description": "bus"
	},
	{
		"nombre": "TCP HTTP",
		"idJuego": 787,
		"desarrollador": "Infinity Ward",
		"fechaLanzamiento": "2023-07-08T05:22:48.211Z",
		"leadDesigner": {
			"firstName": "Ruben",
			"lastName": "Wintheiser"
		},
		"sales": 11354393,
		"genre": "MOBA",
		"description": "Beauty Ridges"
	},
	{
		"nombre": "Car SCSI withdrawal",
		"idJuego": 788,
		"desarrollador": "Bungie",
		"fechaLanzamiento": "1997-09-12T15:53:33.500Z",
		"leadDesigner": {
			"firstName": "Jeremie",
			"lastName": "DuBuque"
		},
		"sales": 13068245,
		"genre": "Racing",
		"description": "microchip collaboration bypass"
	},
	{
		"nombre": "matrix",
		"idJuego": 789,
		"desarrollador": "Bungie",
		"fechaLanzamiento": "2021-10-28T08:27:40.308Z",
		"leadDesigner": {
			"firstName": "Donavon",
			"lastName": "Jones"
		},
		"sales": 24722407,
		"genre": "MOBA",
		"description": "Quality Beauty"
	},
	{
		"nombre": "withdrawal haptic Row",
		"idJuego": 790,
		"desarrollador": "Infinity Ward",
		"fechaLanzamiento": "2002-03-28T10:19:41.401Z",
		"leadDesigner": {
			"firstName": "Helen",
			"lastName": "Kiehn"
		},
		"sales": 4060480,
		"genre": "Adventure",
		"description": "portals"
	},
	{
		"nombre": "input Producer payment",
		"idJuego": 791,
		"desarrollador": "Ubisoft",
		"fechaLanzamiento": "1992-12-17T13:52:18.989Z",
		"leadDesigner": {
			"firstName": "Jerrold",
			"lastName": "Carroll"
		},
		"sales": 25982993,
		"genre": "Racing",
		"description": "olive line array"
	},
	{
		"nombre": "Internal",
		"idJuego": 792,
		"desarrollador": "2kGames",
		"fechaLanzamiento": "1998-02-19T17:33:02.313Z",
		"leadDesigner": {
			"firstName": "Valerie",
			"lastName": "Huel"
		},
		"sales": 6408673,
		"genre": "MOBA",
		"description": "Regional Islands New"
	},
	{
		"nombre": "Shoes structure",
		"idJuego": 793,
		"desarrollador": "Bungie",
		"fechaLanzamiento": "1999-01-10T11:38:26.877Z",
		"leadDesigner": {
			"firstName": "Sheila",
			"lastName": "Hansen"
		},
		"sales": 19964968,
		"genre": "Racing",
		"description": "deposit Accountability"
	},
	{
		"nombre": "Fresh Innovative",
		"idJuego": 794,
		"desarrollador": "Bungie",
		"fechaLanzamiento": "1989-03-24T00:27:46.971Z",
		"leadDesigner": {
			"firstName": "Cecil",
			"lastName": "Haley"
		},
		"sales": 7126737,
		"genre": "RPG",
		"description": "Pizza New"
	},
	{
		"nombre": "Frozen cross-platform",
		"idJuego": 795,
		"desarrollador": "Skybound",
		"fechaLanzamiento": "1989-09-20T05:10:00.667Z",
		"leadDesigner": {
			"firstName": "Eleazar",
			"lastName": "Tillman"
		},
		"sales": 5051638,
		"genre": "Sandbox",
		"description": "Agent Flat Direct"
	},
	{
		"nombre": "withdrawal",
		"idJuego": 796,
		"desarrollador": "343 Industries",
		"fechaLanzamiento": "2012-08-29T05:02:33.081Z",
		"leadDesigner": {
			"firstName": "Meda",
			"lastName": "Reichel"
		},
		"sales": 18108177,
		"genre": "Platformer",
		"description": "exploit User-centric"
	},
	{
		"nombre": "haptic calculate",
		"idJuego": 797,
		"desarrollador": "343 Industries",
		"fechaLanzamiento": "2017-03-19T19:19:14.865Z",
		"leadDesigner": {
			"firstName": "Verna",
			"lastName": "Marvin"
		},
		"sales": 16008463,
		"genre": "RPG",
		"description": "Bedfordshire wireless"
	},
	{
		"nombre": "Account",
		"idJuego": 798,
		"desarrollador": "Skybound",
		"fechaLanzamiento": "1992-07-30T10:17:43.930Z",
		"leadDesigner": {
			"firstName": "Allen",
			"lastName": "Lehner"
		},
		"sales": 18147882,
		"genre": "Platformer",
		"description": "architecture one-to-one Bedfordshire"
	},
	{
		"nombre": "Cheese Wyoming Fantastic",
		"idJuego": 799,
		"desarrollador": "343 Industries",
		"fechaLanzamiento": "2000-04-09T16:15:44.484Z",
		"leadDesigner": {
			"firstName": "Demetrius",
			"lastName": "Krajcik"
		},
		"sales": 15912879,
		"genre": "Platformer",
		"description": "protocol"
	},
	{
		"nombre": "Bike Guyana connect",
		"idJuego": 800,
		"desarrollador": "2kGames",
		"fechaLanzamiento": "1988-09-26T18:04:56.096Z",
		"leadDesigner": {
			"firstName": "Elza",
			"lastName": "Mohr"
		},
		"sales": 16029564,
		"genre": "Adventure",
		"description": "olive Investor Supervisor"
	},
	{
		"nombre": "Executive utilize FTP",
		"idJuego": 801,
		"desarrollador": "Skybound",
		"fechaLanzamiento": "1996-07-13T12:03:10.395Z",
		"leadDesigner": {
			"firstName": "Erik",
			"lastName": "Larson"
		},
		"sales": 12064397,
		"genre": "Platformer",
		"description": "ADP"
	},
	{
		"nombre": "parsing",
		"idJuego": 802,
		"desarrollador": "Skybound",
		"fechaLanzamiento": "1986-12-25T07:37:17.312Z",
		"leadDesigner": {
			"firstName": "Sheldon",
			"lastName": "Block"
		},
		"sales": 18845345,
		"genre": "RPG",
		"description": "Bulgarian Intelligent"
	},
	{
		"nombre": "Falkland",
		"idJuego": 803,
		"desarrollador": "Skybound",
		"fechaLanzamiento": "1988-01-10T01:44:12.352Z",
		"leadDesigner": {
			"firstName": "Carmella",
			"lastName": "Gusikowski"
		},
		"sales": 27659887,
		"genre": "Platformer",
		"description": "open-source"
	},
	{
		"nombre": "XML",
		"idJuego": 804,
		"desarrollador": "Mojang",
		"fechaLanzamiento": "2023-04-28T06:32:02.001Z",
		"leadDesigner": {
			"firstName": "Eldora",
			"lastName": "Macejkovic"
		},
		"sales": 26706740,
		"genre": "MOBA",
		"description": "copy navigate"
	},
	{
		"nombre": "Avon Regional Berkshire",
		"idJuego": 805,
		"desarrollador": "Mojang",
		"fechaLanzamiento": "1986-12-13T05:16:21.273Z",
		"leadDesigner": {
			"firstName": "Hertha",
			"lastName": "Reilly"
		},
		"sales": 24984128,
		"genre": "Sandbox",
		"description": "Corporate York"
	},
	{
		"nombre": "indigo calculating",
		"idJuego": 806,
		"desarrollador": "Mojang",
		"fechaLanzamiento": "2000-06-11T13:34:03.302Z",
		"leadDesigner": {
			"firstName": "Aileen",
			"lastName": "Mayer"
		},
		"sales": 6791928,
		"genre": "Fighting",
		"description": "Account Steel fuchsia"
	},
	{
		"nombre": "Belgium viral bus",
		"idJuego": 807,
		"desarrollador": "Telltale",
		"fechaLanzamiento": "1990-05-31T21:46:35.773Z",
		"leadDesigner": {
			"firstName": "Aliya",
			"lastName": "Ebert"
		},
		"sales": 10532313,
		"genre": "FPS",
		"description": "Fantastic Pizza"
	},
	{
		"nombre": "1080p",
		"idJuego": 808,
		"desarrollador": "Telltale",
		"fechaLanzamiento": "1997-12-01T12:37:32.284Z",
		"leadDesigner": {
			"firstName": "Ollie",
			"lastName": "Corkery"
		},
		"sales": 17806322,
		"genre": "Platformer",
		"description": "Investor leverage Creek"
	},
	{
		"nombre": "Engineer",
		"idJuego": 809,
		"desarrollador": "2kGames",
		"fechaLanzamiento": "2002-03-30T21:57:07.490Z",
		"leadDesigner": {
			"firstName": "Zander",
			"lastName": "Graham"
		},
		"sales": 24420792,
		"genre": "Adventure",
		"description": "area Avon"
	},
	{
		"nombre": "invoice interactive",
		"idJuego": 810,
		"desarrollador": "Telltale",
		"fechaLanzamiento": "2016-05-15T07:34:08.635Z",
		"leadDesigner": {
			"firstName": "Tremaine",
			"lastName": "Welch"
		},
		"sales": 12885482,
		"genre": "Sandbox",
		"description": "Overpass"
	},
	{
		"nombre": "services static open-source",
		"idJuego": 811,
		"desarrollador": "Skybound",
		"fechaLanzamiento": "1987-05-31T03:10:59.540Z",
		"leadDesigner": {
			"firstName": "Kailee",
			"lastName": "Dickinson"
		},
		"sales": 18850075,
		"genre": "Platformer",
		"description": "Customer"
	},
	{
		"nombre": "1080p Intranet",
		"idJuego": 812,
		"desarrollador": "Mojang",
		"fechaLanzamiento": "2016-09-13T05:24:49.800Z",
		"leadDesigner": {
			"firstName": "Ollie",
			"lastName": "Daniel"
		},
		"sales": 23269543,
		"genre": "Racing",
		"description": "Pizza Chair pink"
	},
	{
		"nombre": "USB Oval",
		"idJuego": 813,
		"desarrollador": "343 Industries",
		"fechaLanzamiento": "2018-03-27T02:49:55.018Z",
		"leadDesigner": {
			"firstName": "Jayme",
			"lastName": "Gleason"
		},
		"sales": 25151828,
		"genre": "Platformer",
		"description": "task-force Ergonomic"
	},
	{
		"nombre": "withdrawal bandwidth",
		"idJuego": 814,
		"desarrollador": "Infinity Ward",
		"fechaLanzamiento": "2009-12-21T07:21:50.613Z",
		"leadDesigner": {
			"firstName": "Carleton",
			"lastName": "Kuhic"
		},
		"sales": 8914197,
		"genre": "Racing",
		"description": "THX Planner"
	},
	{
		"nombre": "Interface Fish",
		"idJuego": 815,
		"desarrollador": "Telltale",
		"fechaLanzamiento": "2013-07-06T16:21:11.121Z",
		"leadDesigner": {
			"firstName": "Jedidiah",
			"lastName": "Ankunding"
		},
		"sales": 10568707,
		"genre": "FPS",
		"description": "bandwidth"
	},
	{
		"nombre": "Division",
		"idJuego": 816,
		"desarrollador": "Mojang",
		"fechaLanzamiento": "2000-07-30T15:47:55.663Z",
		"leadDesigner": {
			"firstName": "Susana",
			"lastName": "Morissette"
		},
		"sales": 26376794,
		"genre": "Fighting",
		"description": "Ukraine connecting"
	},
	{
		"nombre": "PNG",
		"idJuego": 817,
		"desarrollador": "Ubisoft",
		"fechaLanzamiento": "2024-10-14T15:34:52.296Z",
		"leadDesigner": {
			"firstName": "Horace",
			"lastName": "Ziemann"
		},
		"sales": 7766026,
		"genre": "Racing",
		"description": "lavender Liaison"
	},
	{
		"nombre": "Legacy Cuban",
		"idJuego": 818,
		"desarrollador": "Bungie",
		"fechaLanzamiento": "2009-07-24T13:17:53.705Z",
		"leadDesigner": {
			"firstName": "Pasquale",
			"lastName": "Ortiz"
		},
		"sales": 7144566,
		"genre": "Adventure",
		"description": "transmitting connecting"
	},
	{
		"nombre": "panel bus Unbranded",
		"idJuego": 819,
		"desarrollador": "Mojang",
		"fechaLanzamiento": "2009-11-28T18:15:44.664Z",
		"leadDesigner": {
			"firstName": "Henderson",
			"lastName": "Thiel"
		},
		"sales": 23804307,
		"genre": "Platformer",
		"description": "RSS Awesome"
	},
	{
		"nombre": "wireless violet",
		"idJuego": 820,
		"desarrollador": "Telltale",
		"fechaLanzamiento": "1999-05-12T13:05:00.665Z",
		"leadDesigner": {
			"firstName": "Hanna",
			"lastName": "Schuster"
		},
		"sales": 30148157,
		"genre": "RPG",
		"description": "maroon Jordan"
	},
	{
		"nombre": "GB",
		"idJuego": 821,
		"desarrollador": "Mojang",
		"fechaLanzamiento": "1993-11-06T22:35:10.032Z",
		"leadDesigner": {
			"firstName": "Kari",
			"lastName": "Friesen"
		},
		"sales": 17090489,
		"genre": "Platformer",
		"description": "open-source"
	},
	{
		"nombre": "Identity",
		"idJuego": 822,
		"desarrollador": "Infinity Ward",
		"fechaLanzamiento": "1994-11-20T17:03:09.683Z",
		"leadDesigner": {
			"firstName": "Jessyca",
			"lastName": "Koepp"
		},
		"sales": 7624617,
		"genre": "Adventure",
		"description": "Visionary strategy"
	},
	{
		"nombre": "neutral",
		"idJuego": 823,
		"desarrollador": "2kGames",
		"fechaLanzamiento": "2012-10-06T21:02:41.121Z",
		"leadDesigner": {
			"firstName": "Alexandro",
			"lastName": "Renner"
		},
		"sales": 28177566,
		"genre": "Sandbox",
		"description": "Assistant"
	},
	{
		"nombre": "Account quantify",
		"idJuego": 824,
		"desarrollador": "2kGames",
		"fechaLanzamiento": "2011-06-07T19:53:59.861Z",
		"leadDesigner": {
			"firstName": "Bernadine",
			"lastName": "Flatley"
		},
		"sales": 17460965,
		"genre": "RPG",
		"description": "Indonesia Tasty interface"
	},
	{
		"nombre": "set Agent",
		"idJuego": 825,
		"desarrollador": "2kGames",
		"fechaLanzamiento": "1987-05-12T12:36:34.291Z",
		"leadDesigner": {
			"firstName": "Berenice",
			"lastName": "Dickinson"
		},
		"sales": 21329065,
		"genre": "MOBA",
		"description": "Practical Fish National"
	},
	{
		"nombre": "withdrawal invoice Cambridgeshire",
		"idJuego": 826,
		"desarrollador": "Infinity Ward",
		"fechaLanzamiento": "2017-08-25T07:34:36.342Z",
		"leadDesigner": {
			"firstName": "Leatha",
			"lastName": "Oberbrunner"
		},
		"sales": 2600023,
		"genre": "MOBA",
		"description": "Hat Nicaragua"
	},
	{
		"nombre": "Squares Oman Electronics",
		"idJuego": 827,
		"desarrollador": "Mojang",
		"fechaLanzamiento": "2012-06-11T04:28:40.540Z",
		"leadDesigner": {
			"firstName": "Garrison",
			"lastName": "Runte"
		},
		"sales": 8953465,
		"genre": "Sandbox",
		"description": "efficient Table"
	},
	{
		"nombre": "reboot",
		"idJuego": 828,
		"desarrollador": "2kGames",
		"fechaLanzamiento": "1992-10-07T07:00:02.941Z",
		"leadDesigner": {
			"firstName": "Sophia",
			"lastName": "Ziemann"
		},
		"sales": 5216201,
		"genre": "Adventure",
		"description": "Intelligent"
	},
	{
		"nombre": "envisioneer",
		"idJuego": 829,
		"desarrollador": "Skybound",
		"fechaLanzamiento": "2000-08-15T15:59:27.182Z",
		"leadDesigner": {
			"firstName": "Ari",
			"lastName": "Considine"
		},
		"sales": 25538113,
		"genre": "MOBA",
		"description": "Bedfordshire up grid-enabled"
	},
	{
		"nombre": "New",
		"idJuego": 830,
		"desarrollador": "Mojang",
		"fechaLanzamiento": "1999-10-07T08:47:02.037Z",
		"leadDesigner": {
			"firstName": "Rolando",
			"lastName": "Gutkowski"
		},
		"sales": 26844924,
		"genre": "Platformer",
		"description": "Guilder backing"
	},
	{
		"nombre": "Mandatory Corporate gold",
		"idJuego": 831,
		"desarrollador": "Ubisoft",
		"fechaLanzamiento": "2022-05-07T04:24:03.602Z",
		"leadDesigner": {
			"firstName": "Sandra",
			"lastName": "Stamm"
		},
		"sales": 4651542,
		"genre": "Racing",
		"description": "panel"
	},
	{
		"nombre": "engine",
		"idJuego": 832,
		"desarrollador": "2kGames",
		"fechaLanzamiento": "2008-06-13T21:41:01.871Z",
		"leadDesigner": {
			"firstName": "Johnson",
			"lastName": "Marquardt"
		},
		"sales": 4195257,
		"genre": "Fighting",
		"description": "Incredible hack invoice"
	},
	{
		"nombre": "Electronics",
		"idJuego": 833,
		"desarrollador": "Bungie",
		"fechaLanzamiento": "2005-09-16T21:30:14.220Z",
		"leadDesigner": {
			"firstName": "Jewell",
			"lastName": "Wiegand"
		},
		"sales": 26760891,
		"genre": "RPG",
		"description": "redundant"
	},
	{
		"nombre": "Ball Grass-roots Road",
		"idJuego": 834,
		"desarrollador": "Mojang",
		"fechaLanzamiento": "1995-05-31T15:35:46.676Z",
		"leadDesigner": {
			"firstName": "Joyce",
			"lastName": "Williamson"
		},
		"sales": 17538599,
		"genre": "Sandbox",
		"description": "Dynamic orchid"
	},
	{
		"nombre": "Berkshire Mobility deliver",
		"idJuego": 835,
		"desarrollador": "Ubisoft",
		"fechaLanzamiento": "2006-08-25T22:54:46.851Z",
		"leadDesigner": {
			"firstName": "Merl",
			"lastName": "O'Keefe"
		},
		"sales": 20236114,
		"genre": "Sandbox",
		"description": "distributed calculate"
	},
	{
		"nombre": "Bahamian Avon salmon",
		"idJuego": 836,
		"desarrollador": "Skybound",
		"fechaLanzamiento": "1992-04-18T23:11:54.126Z",
		"leadDesigner": {
			"firstName": "Gussie",
			"lastName": "Cartwright"
		},
		"sales": 11012241,
		"genre": "Platformer",
		"description": "success"
	},
	{
		"nombre": "IB Mauritius",
		"idJuego": 837,
		"desarrollador": "343 Industries",
		"fechaLanzamiento": "1999-02-25T02:34:55.200Z",
		"leadDesigner": {
			"firstName": "Chadd",
			"lastName": "Stracke"
		},
		"sales": 16543214,
		"genre": "FPS",
		"description": "Zloty"
	},
	{
		"nombre": "Internal",
		"idJuego": 838,
		"desarrollador": "Telltale",
		"fechaLanzamiento": "2018-10-25T16:37:48.244Z",
		"leadDesigner": {
			"firstName": "Annie",
			"lastName": "Balistreri"
		},
		"sales": 14137622,
		"genre": "Platformer",
		"description": "parse Arab quantify"
	},
	{
		"nombre": "Shirt eco-centric Tactics",
		"idJuego": 839,
		"desarrollador": "Bungie",
		"fechaLanzamiento": "2024-02-16T09:05:01.275Z",
		"leadDesigner": {
			"firstName": "Zetta",
			"lastName": "Jones"
		},
		"sales": 28001168,
		"genre": "Adventure",
		"description": "Fresh Soft"
	},
	{
		"nombre": "Small",
		"idJuego": 840,
		"desarrollador": "Infinity Ward",
		"fechaLanzamiento": "2016-11-27T19:28:54.623Z",
		"leadDesigner": {
			"firstName": "Caesar",
			"lastName": "Aufderhar"
		},
		"sales": 29974938,
		"genre": "Racing",
		"description": "International"
	},
	{
		"nombre": "initiatives Peso",
		"idJuego": 841,
		"desarrollador": "Telltale",
		"fechaLanzamiento": "2015-10-30T08:50:54.725Z",
		"leadDesigner": {
			"firstName": "Kasandra",
			"lastName": "Schuster"
		},
		"sales": 22789228,
		"genre": "RPG",
		"description": "Pants"
	},
	{
		"nombre": "Marketing invoice",
		"idJuego": 842,
		"desarrollador": "Infinity Ward",
		"fechaLanzamiento": "2019-11-11T01:33:49.061Z",
		"leadDesigner": {
			"firstName": "Jeanne",
			"lastName": "Green"
		},
		"sales": 6061128,
		"genre": "Fighting",
		"description": "SAS"
	},
	{
		"nombre": "Georgia",
		"idJuego": 843,
		"desarrollador": "Mojang",
		"fechaLanzamiento": "1996-09-12T07:34:03.562Z",
		"leadDesigner": {
			"firstName": "Claud",
			"lastName": "Ruecker"
		},
		"sales": 6512998,
		"genre": "RPG",
		"description": "open-source granular"
	},
	{
		"nombre": "Djibouti Bolivia",
		"idJuego": 844,
		"desarrollador": "343 Industries",
		"fechaLanzamiento": "1988-12-15T20:50:10.712Z",
		"leadDesigner": {
			"firstName": "Aditya",
			"lastName": "Marvin"
		},
		"sales": 22609439,
		"genre": "FPS",
		"description": "Peso"
	},
	{
		"nombre": "Plastic calculate card",
		"idJuego": 845,
		"desarrollador": "Ubisoft",
		"fechaLanzamiento": "2012-12-11T19:54:13.379Z",
		"leadDesigner": {
			"firstName": "Dena",
			"lastName": "Kunde"
		},
		"sales": 12857728,
		"genre": "MOBA",
		"description": "Accounts Toys Web"
	},
	{
		"nombre": "Fish",
		"idJuego": 846,
		"desarrollador": "Ubisoft",
		"fechaLanzamiento": "2016-05-29T23:17:21.029Z",
		"leadDesigner": {
			"firstName": "Maxine",
			"lastName": "Adams"
		},
		"sales": 22104778,
		"genre": "MOBA",
		"description": "Strategist Account"
	},
	{
		"nombre": "Cross-platform deposit",
		"idJuego": 847,
		"desarrollador": "Infinity Ward",
		"fechaLanzamiento": "2004-01-10T14:15:06.809Z",
		"leadDesigner": {
			"firstName": "Enola",
			"lastName": "Weber"
		},
		"sales": 17608334,
		"genre": "Sandbox",
		"description": "quantifying Hat Intranet"
	},
	{
		"nombre": "Developer Licensed Berkshire",
		"idJuego": 848,
		"desarrollador": "343 Industries",
		"fechaLanzamiento": "2012-02-15T15:49:54.422Z",
		"leadDesigner": {
			"firstName": "Dagmar",
			"lastName": "Gislason"
		},
		"sales": 24264655,
		"genre": "MOBA",
		"description": "Car Ameliorated"
	},
	{
		"nombre": "Global",
		"idJuego": 849,
		"desarrollador": "2kGames",
		"fechaLanzamiento": "2020-07-18T04:49:57.935Z",
		"leadDesigner": {
			"firstName": "Kody",
			"lastName": "Stoltenberg"
		},
		"sales": 21186645,
		"genre": "FPS",
		"description": "Granite payment"
	},
	{
		"nombre": "matrix Generic PCI",
		"idJuego": 850,
		"desarrollador": "343 Industries",
		"fechaLanzamiento": "2020-08-02T19:17:44.643Z",
		"leadDesigner": {
			"firstName": "Pamela",
			"lastName": "Rogahn"
		},
		"sales": 13448728,
		"genre": "Platformer",
		"description": "background Nebraska Walk"
	},
	{
		"nombre": "Egypt benchmark Regional",
		"idJuego": 851,
		"desarrollador": "2kGames",
		"fechaLanzamiento": "1989-12-19T05:38:40.392Z",
		"leadDesigner": {
			"firstName": "Dejuan",
			"lastName": "McCullough"
		},
		"sales": 25191806,
		"genre": "RPG",
		"description": "infomediaries Ergonomic Florida"
	},
	{
		"nombre": "orchid Principal",
		"idJuego": 852,
		"desarrollador": "Infinity Ward",
		"fechaLanzamiento": "2009-08-09T04:35:40.853Z",
		"leadDesigner": {
			"firstName": "Micaela",
			"lastName": "Mertz"
		},
		"sales": 7621921,
		"genre": "Racing",
		"description": "open-source Fantastic"
	},
	{
		"nombre": "technologies synergies Saint",
		"idJuego": 853,
		"desarrollador": "343 Industries",
		"fechaLanzamiento": "2006-10-07T05:19:46.282Z",
		"leadDesigner": {
			"firstName": "Stanton",
			"lastName": "Rau"
		},
		"sales": 13025131,
		"genre": "Platformer",
		"description": "brand"
	},
	{
		"nombre": "partnerships",
		"idJuego": 854,
		"desarrollador": "Bungie",
		"fechaLanzamiento": "2006-12-26T04:33:50.398Z",
		"leadDesigner": {
			"firstName": "Bette",
			"lastName": "Boyer"
		},
		"sales": 18125862,
		"genre": "Fighting",
		"description": "digital ROI"
	},
	{
		"nombre": "indexing Home",
		"idJuego": 855,
		"desarrollador": "Telltale",
		"fechaLanzamiento": "2010-10-28T16:15:48.521Z",
		"leadDesigner": {
			"firstName": "Kip",
			"lastName": "Langosh"
		},
		"sales": 17939344,
		"genre": "Sandbox",
		"description": "pixel generate"
	},
	{
		"nombre": "programming Markets",
		"idJuego": 856,
		"desarrollador": "Telltale",
		"fechaLanzamiento": "2015-03-23T22:42:03.252Z",
		"leadDesigner": {
			"firstName": "Darlene",
			"lastName": "Erdman"
		},
		"sales": 4863925,
		"genre": "Platformer",
		"description": "Fresh Administrator"
	},
	{
		"nombre": "Designer Technician",
		"idJuego": 857,
		"desarrollador": "Telltale",
		"fechaLanzamiento": "2006-10-11T03:25:17.138Z",
		"leadDesigner": {
			"firstName": "Toni",
			"lastName": "Adams"
		},
		"sales": 16544194,
		"genre": "Platformer",
		"description": "Port withdrawal"
	},
	{
		"nombre": "synthesizing",
		"idJuego": 858,
		"desarrollador": "2kGames",
		"fechaLanzamiento": "1986-06-13T06:08:26.870Z",
		"leadDesigner": {
			"firstName": "Yoshiko",
			"lastName": "Legros"
		},
		"sales": 11512865,
		"genre": "RPG",
		"description": "haptic monitoring green"
	},
	{
		"nombre": "parse lime",
		"idJuego": 859,
		"desarrollador": "Bungie",
		"fechaLanzamiento": "2018-08-08T08:26:38.710Z",
		"leadDesigner": {
			"firstName": "Adeline",
			"lastName": "Conn"
		},
		"sales": 27748277,
		"genre": "Platformer",
		"description": "Paradigm"
	},
	{
		"nombre": "Metal",
		"idJuego": 860,
		"desarrollador": "343 Industries",
		"fechaLanzamiento": "2003-07-23T08:28:35.951Z",
		"leadDesigner": {
			"firstName": "Cesar",
			"lastName": "Casper"
		},
		"sales": 19474659,
		"genre": "Racing",
		"description": "up payment reboot"
	},
	{
		"nombre": "Tasty integrated",
		"idJuego": 861,
		"desarrollador": "2kGames",
		"fechaLanzamiento": "2012-06-23T03:29:07.885Z",
		"leadDesigner": {
			"firstName": "Einar",
			"lastName": "Beier"
		},
		"sales": 26722364,
		"genre": "Adventure",
		"description": "Personal calculate Rupiah"
	},
	{
		"nombre": "impactful programming",
		"idJuego": 862,
		"desarrollador": "Infinity Ward",
		"fechaLanzamiento": "2001-12-04T14:20:49.853Z",
		"leadDesigner": {
			"firstName": "Geovanni",
			"lastName": "Dicki"
		},
		"sales": 3918322,
		"genre": "Adventure",
		"description": "Refined"
	},
	{
		"nombre": "Investment system",
		"idJuego": 863,
		"desarrollador": "Infinity Ward",
		"fechaLanzamiento": "2007-12-09T21:39:03.879Z",
		"leadDesigner": {
			"firstName": "Enrique",
			"lastName": "Dickinson"
		},
		"sales": 23456860,
		"genre": "MOBA",
		"description": "Developer Gourde"
	},
	{
		"nombre": "Soft",
		"idJuego": 864,
		"desarrollador": "Skybound",
		"fechaLanzamiento": "2000-02-13T11:56:10.738Z",
		"leadDesigner": {
			"firstName": "Edwina",
			"lastName": "Auer"
		},
		"sales": 14528047,
		"genre": "Fighting",
		"description": "payment Trafficway"
	},
	{
		"nombre": "info-mediaries dynamic Berkshire",
		"idJuego": 865,
		"desarrollador": "Mojang",
		"fechaLanzamiento": "2002-09-27T08:03:14.710Z",
		"leadDesigner": {
			"firstName": "Juana",
			"lastName": "Corwin"
		},
		"sales": 13042337,
		"genre": "MOBA",
		"description": "Fords protocol incentivize"
	},
	{
		"nombre": "Security Architect Account",
		"idJuego": 866,
		"desarrollador": "343 Industries",
		"fechaLanzamiento": "1986-11-26T06:56:09.786Z",
		"leadDesigner": {
			"firstName": "Alexzander",
			"lastName": "Waters"
		},
		"sales": 29595130,
		"genre": "Fighting",
		"description": "Plastic"
	},
	{
		"nombre": "Borders Auto Refined",
		"idJuego": 867,
		"desarrollador": "343 Industries",
		"fechaLanzamiento": "2015-10-29T22:33:20.204Z",
		"leadDesigner": {
			"firstName": "Angeline",
			"lastName": "Gleason"
		},
		"sales": 17542218,
		"genre": "Racing",
		"description": "Sharable calculating"
	},
	{
		"nombre": "CSS Forward metrics",
		"idJuego": 868,
		"desarrollador": "2kGames",
		"fechaLanzamiento": "2021-03-10T08:57:11.758Z",
		"leadDesigner": {
			"firstName": "Yasmine",
			"lastName": "Sporer"
		},
		"sales": 5130068,
		"genre": "Platformer",
		"description": "Games Wooden generation"
	},
	{
		"nombre": "parsing",
		"idJuego": 869,
		"desarrollador": "Bungie",
		"fechaLanzamiento": "2005-11-14T05:47:41.636Z",
		"leadDesigner": {
			"firstName": "Tressie",
			"lastName": "Wisoky"
		},
		"sales": 23519927,
		"genre": "Racing",
		"description": "mobile"
	},
	{
		"nombre": "Tasty infomediaries Consultant",
		"idJuego": 870,
		"desarrollador": "343 Industries",
		"fechaLanzamiento": "2023-06-03T20:22:14.308Z",
		"leadDesigner": {
			"firstName": "Khalil",
			"lastName": "Becker"
		},
		"sales": 11307461,
		"genre": "Adventure",
		"description": "JSON Producer Avon"
	},
	{
		"nombre": "Kina Group pixel",
		"idJuego": 871,
		"desarrollador": "Ubisoft",
		"fechaLanzamiento": "2006-12-02T19:19:43.702Z",
		"leadDesigner": {
			"firstName": "Lora",
			"lastName": "Smitham"
		},
		"sales": 24144373,
		"genre": "Racing",
		"description": "synergize maximize North"
	},
	{
		"nombre": "contextually-based",
		"idJuego": 872,
		"desarrollador": "343 Industries",
		"fechaLanzamiento": "2015-09-27T15:40:13.904Z",
		"leadDesigner": {
			"firstName": "Daisha",
			"lastName": "Bogisich"
		},
		"sales": 6255139,
		"genre": "Racing",
		"description": "core feed redundant"
	},
	{
		"nombre": "Grass-roots",
		"idJuego": 873,
		"desarrollador": "Skybound",
		"fechaLanzamiento": "2000-09-19T17:49:43.790Z",
		"leadDesigner": {
			"firstName": "Anjali",
			"lastName": "Christiansen"
		},
		"sales": 24267775,
		"genre": "Platformer",
		"description": "background"
	},
	{
		"nombre": "Jewelery innovative Universal",
		"idJuego": 874,
		"desarrollador": "343 Industries",
		"fechaLanzamiento": "1992-03-15T12:58:30.502Z",
		"leadDesigner": {
			"firstName": "Lesley",
			"lastName": "Daugherty"
		},
		"sales": 27850570,
		"genre": "FPS",
		"description": "Shilling"
	},
	{
		"nombre": "Granite Senegal",
		"idJuego": 875,
		"desarrollador": "Ubisoft",
		"fechaLanzamiento": "2001-10-03T00:58:36.247Z",
		"leadDesigner": {
			"firstName": "Armani",
			"lastName": "Ward"
		},
		"sales": 12660314,
		"genre": "Fighting",
		"description": "Tasty Tuna Rupee"
	},
	{
		"nombre": "Strategist one-to-one",
		"idJuego": 876,
		"desarrollador": "2kGames",
		"fechaLanzamiento": "1998-01-28T01:26:12.144Z",
		"leadDesigner": {
			"firstName": "Elvera",
			"lastName": "Schneider"
		},
		"sales": 5337804,
		"genre": "Sandbox",
		"description": "Soft Greens"
	},
	{
		"nombre": "Dynamic",
		"idJuego": 877,
		"desarrollador": "Bungie",
		"fechaLanzamiento": "2014-11-13T08:35:56.049Z",
		"leadDesigner": {
			"firstName": "Itzel",
			"lastName": "Block"
		},
		"sales": 21896974,
		"genre": "Sandbox",
		"description": "initiatives"
	},
	{
		"nombre": "Account",
		"idJuego": 878,
		"desarrollador": "Mojang",
		"fechaLanzamiento": "2020-10-10T13:52:30.697Z",
		"leadDesigner": {
			"firstName": "Nellie",
			"lastName": "Beier"
		},
		"sales": 25571271,
		"genre": "Fighting",
		"description": "Refined Incredible encoding"
	},
	{
		"nombre": "Coordinator collaborative challenge",
		"idJuego": 879,
		"desarrollador": "Infinity Ward",
		"fechaLanzamiento": "1997-06-23T23:40:05.902Z",
		"leadDesigner": {
			"firstName": "Lillie",
			"lastName": "Fisher"
		},
		"sales": 28926629,
		"genre": "Adventure",
		"description": "connect time-frame"
	},
	{
		"nombre": "Checking",
		"idJuego": 880,
		"desarrollador": "343 Industries",
		"fechaLanzamiento": "1988-03-21T01:01:16.429Z",
		"leadDesigner": {
			"firstName": "Mariela",
			"lastName": "Schowalter"
		},
		"sales": 18818441,
		"genre": "Racing",
		"description": "lavender optimal leading-edge"
	},
	{
		"nombre": "eyeballs bandwidth-monitored",
		"idJuego": 881,
		"desarrollador": "Skybound",
		"fechaLanzamiento": "2002-01-04T21:40:14.119Z",
		"leadDesigner": {
			"firstName": "Lia",
			"lastName": "Pacocha"
		},
		"sales": 4275433,
		"genre": "FPS",
		"description": "Steel reboot"
	},
	{
		"nombre": "Cambridgeshire Mission facilitate",
		"idJuego": 882,
		"desarrollador": "Bungie",
		"fechaLanzamiento": "1992-03-16T09:16:59.301Z",
		"leadDesigner": {
			"firstName": "Jerad",
			"lastName": "Ferry"
		},
		"sales": 12977671,
		"genre": "Platformer",
		"description": "plug-and-play connect"
	},
	{
		"nombre": "Berkshire",
		"idJuego": 883,
		"desarrollador": "Mojang",
		"fechaLanzamiento": "1997-05-23T09:33:22.316Z",
		"leadDesigner": {
			"firstName": "Lavern",
			"lastName": "Oberbrunner"
		},
		"sales": 20469739,
		"genre": "FPS",
		"description": "and Technician protocol"
	},
	{
		"nombre": "incremental withdrawal",
		"idJuego": 884,
		"desarrollador": "Skybound",
		"fechaLanzamiento": "2008-04-12T19:04:54.171Z",
		"leadDesigner": {
			"firstName": "Tess",
			"lastName": "Herzog"
		},
		"sales": 14353319,
		"genre": "Adventure",
		"description": "Dollar Connecticut"
	},
	{
		"nombre": "Curve Generic",
		"idJuego": 885,
		"desarrollador": "Skybound",
		"fechaLanzamiento": "2006-10-18T03:08:35.061Z",
		"leadDesigner": {
			"firstName": "Tina",
			"lastName": "Weber"
		},
		"sales": 2522398,
		"genre": "Racing",
		"description": "markets end-to-end firewall"
	},
	{
		"nombre": "infrastructures",
		"idJuego": 886,
		"desarrollador": "343 Industries",
		"fechaLanzamiento": "2019-07-24T10:27:12.160Z",
		"leadDesigner": {
			"firstName": "Irma",
			"lastName": "Schmidt"
		},
		"sales": 19258456,
		"genre": "FPS",
		"description": "Alabama"
	},
	{
		"nombre": "invoice Administrator",
		"idJuego": 887,
		"desarrollador": "Mojang",
		"fechaLanzamiento": "2019-09-05T05:42:44.790Z",
		"leadDesigner": {
			"firstName": "Rylee",
			"lastName": "Roob"
		},
		"sales": 5428314,
		"genre": "Sandbox",
		"description": "Communications"
	},
	{
		"nombre": "Borders Moldova",
		"idJuego": 888,
		"desarrollador": "2kGames",
		"fechaLanzamiento": "1990-03-03T07:22:58.167Z",
		"leadDesigner": {
			"firstName": "Arlie",
			"lastName": "Monahan"
		},
		"sales": 27591411,
		"genre": "Platformer",
		"description": "Gorgeous next-generation integrated"
	},
	{
		"nombre": "Shoes Account invoice",
		"idJuego": 889,
		"desarrollador": "2kGames",
		"fechaLanzamiento": "2022-05-07T03:41:29.274Z",
		"leadDesigner": {
			"firstName": "Rickey",
			"lastName": "Lynch"
		},
		"sales": 3095329,
		"genre": "Platformer",
		"description": "Soap Administrator"
	},
	{
		"nombre": "Paradigm",
		"idJuego": 890,
		"desarrollador": "343 Industries",
		"fechaLanzamiento": "2017-04-18T13:48:14.627Z",
		"leadDesigner": {
			"firstName": "Theresia",
			"lastName": "Lebsack"
		},
		"sales": 18448192,
		"genre": "RPG",
		"description": "user"
	},
	{
		"nombre": "Sleek intuitive",
		"idJuego": 891,
		"desarrollador": "Skybound",
		"fechaLanzamiento": "2024-03-17T11:12:04.921Z",
		"leadDesigner": {
			"firstName": "Kraig",
			"lastName": "Jaskolski"
		},
		"sales": 21742592,
		"genre": "Platformer",
		"description": "Games Integration"
	},
	{
		"nombre": "Codes Officer",
		"idJuego": 892,
		"desarrollador": "Bungie",
		"fechaLanzamiento": "2019-10-24T01:53:50.206Z",
		"leadDesigner": {
			"firstName": "Emery",
			"lastName": "Hoppe"
		},
		"sales": 18512580,
		"genre": "Adventure",
		"description": "Technician exuding SAS"
	},
	{
		"nombre": "copy synthesize",
		"idJuego": 893,
		"desarrollador": "Bungie",
		"fechaLanzamiento": "1994-05-03T04:59:23.810Z",
		"leadDesigner": {
			"firstName": "Kayli",
			"lastName": "Greenholt"
		},
		"sales": 1921940,
		"genre": "Sandbox",
		"description": "Assimilated GB"
	},
	{
		"nombre": "withdrawal",
		"idJuego": 894,
		"desarrollador": "Skybound",
		"fechaLanzamiento": "2001-04-25T00:51:51.756Z",
		"leadDesigner": {
			"firstName": "Johan",
			"lastName": "Casper"
		},
		"sales": 4697527,
		"genre": "Racing",
		"description": "Sleek mindshare Accounts"
	},
	{
		"nombre": "plum",
		"idJuego": 895,
		"desarrollador": "Telltale",
		"fechaLanzamiento": "2018-04-05T22:47:27.400Z",
		"leadDesigner": {
			"firstName": "Ana",
			"lastName": "VonRueden"
		},
		"sales": 7317770,
		"genre": "FPS",
		"description": "Keyboard multimedia"
	},
	{
		"nombre": "superstructure Applications",
		"idJuego": 896,
		"desarrollador": "Ubisoft",
		"fechaLanzamiento": "1993-12-31T00:04:58.179Z",
		"leadDesigner": {
			"firstName": "Rowan",
			"lastName": "Corkery"
		},
		"sales": 12452058,
		"genre": "Sandbox",
		"description": "full-range"
	},
	{
		"nombre": "Ergonomic firewall",
		"idJuego": 897,
		"desarrollador": "Telltale",
		"fechaLanzamiento": "1991-06-14T02:57:54.961Z",
		"leadDesigner": {
			"firstName": "Carolina",
			"lastName": "Stoltenberg"
		},
		"sales": 20448353,
		"genre": "RPG",
		"description": "monitor India"
	},
	{
		"nombre": "synergies",
		"idJuego": 898,
		"desarrollador": "Mojang",
		"fechaLanzamiento": "2005-08-08T09:00:54.716Z",
		"leadDesigner": {
			"firstName": "Brian",
			"lastName": "Pfeffer"
		},
		"sales": 9717595,
		"genre": "Fighting",
		"description": "generating enable Home"
	},
	{
		"nombre": "Dynamic",
		"idJuego": 899,
		"desarrollador": "Skybound",
		"fechaLanzamiento": "1988-07-15T17:41:24.141Z",
		"leadDesigner": {
			"firstName": "Muriel",
			"lastName": "Braun"
		},
		"sales": 27634430,
		"genre": "RPG",
		"description": "Tuna"
	},
	{
		"nombre": "Fresh compress",
		"idJuego": 900,
		"desarrollador": "Skybound",
		"fechaLanzamiento": "1990-10-20T05:12:48.400Z",
		"leadDesigner": {
			"firstName": "Arthur",
			"lastName": "Daniel"
		},
		"sales": 8597081,
		"genre": "MOBA",
		"description": "back"
	},
	{
		"nombre": "Gloves quantifying",
		"idJuego": 901,
		"desarrollador": "Bungie",
		"fechaLanzamiento": "2008-04-02T20:35:53.653Z",
		"leadDesigner": {
			"firstName": "Lillian",
			"lastName": "Murray"
		},
		"sales": 15697664,
		"genre": "Fighting",
		"description": "Panama Multi-layered"
	},
	{
		"nombre": "array synthesizing revolutionary",
		"idJuego": 902,
		"desarrollador": "Skybound",
		"fechaLanzamiento": "1996-05-28T01:20:33.015Z",
		"leadDesigner": {
			"firstName": "Marcellus",
			"lastName": "Hoppe"
		},
		"sales": 26826702,
		"genre": "RPG",
		"description": "Antilles"
	},
	{
		"nombre": "1080p",
		"idJuego": 903,
		"desarrollador": "Ubisoft",
		"fechaLanzamiento": "2015-02-20T13:54:53.316Z",
		"leadDesigner": {
			"firstName": "Delmer",
			"lastName": "Wuckert"
		},
		"sales": 6896281,
		"genre": "Adventure",
		"description": "Books"
	},
	{
		"nombre": "Somoni",
		"idJuego": 904,
		"desarrollador": "Bungie",
		"fechaLanzamiento": "2005-08-22T11:14:03.243Z",
		"leadDesigner": {
			"firstName": "Aylin",
			"lastName": "Kessler"
		},
		"sales": 13505335,
		"genre": "Platformer",
		"description": "Switzerland"
	},
	{
		"nombre": "Fresh",
		"idJuego": 905,
		"desarrollador": "343 Industries",
		"fechaLanzamiento": "2006-09-01T05:11:35.575Z",
		"leadDesigner": {
			"firstName": "Forest",
			"lastName": "Schroeder"
		},
		"sales": 21011117,
		"genre": "Fighting",
		"description": "Chair"
	},
	{
		"nombre": "Frozen Business-focused Generic",
		"idJuego": 906,
		"desarrollador": "Infinity Ward",
		"fechaLanzamiento": "2010-10-05T03:41:49.232Z",
		"leadDesigner": {
			"firstName": "Vincenzo",
			"lastName": "Cummerata"
		},
		"sales": 8443349,
		"genre": "FPS",
		"description": "Automotive hacking Rand"
	},
	{
		"nombre": "Quetzal Utah Moldovan",
		"idJuego": 907,
		"desarrollador": "Infinity Ward",
		"fechaLanzamiento": "2012-12-21T14:48:33.665Z",
		"leadDesigner": {
			"firstName": "Leone",
			"lastName": "Nitzsche"
		},
		"sales": 14882724,
		"genre": "FPS",
		"description": "robust navigate copy"
	},
	{
		"nombre": "purple Analyst West",
		"idJuego": 908,
		"desarrollador": "Skybound",
		"fechaLanzamiento": "2017-07-16T18:23:43.538Z",
		"leadDesigner": {
			"firstName": "Porter",
			"lastName": "Reichel"
		},
		"sales": 27402995,
		"genre": "RPG",
		"description": "evolve Product"
	},
	{
		"nombre": "Pizza systems",
		"idJuego": 909,
		"desarrollador": "Ubisoft",
		"fechaLanzamiento": "1994-02-20T20:00:19.789Z",
		"leadDesigner": {
			"firstName": "Katrina",
			"lastName": "Luettgen"
		},
		"sales": 27443677,
		"genre": "RPG",
		"description": "Developer THX Optional"
	},
	{
		"nombre": "haptic Belize",
		"idJuego": 910,
		"desarrollador": "343 Industries",
		"fechaLanzamiento": "2006-07-15T14:16:44.579Z",
		"leadDesigner": {
			"firstName": "Zion",
			"lastName": "Ward"
		},
		"sales": 3619140,
		"genre": "Sandbox",
		"description": "optical"
	},
	{
		"nombre": "initiatives demand-driven",
		"idJuego": 911,
		"desarrollador": "Mojang",
		"fechaLanzamiento": "1992-07-05T05:07:57.240Z",
		"leadDesigner": {
			"firstName": "Eryn",
			"lastName": "Hickle"
		},
		"sales": 27136896,
		"genre": "FPS",
		"description": "firewall RSS"
	},
	{
		"nombre": "functionalities ivory CSS",
		"idJuego": 912,
		"desarrollador": "Infinity Ward",
		"fechaLanzamiento": "2024-02-26T05:10:15.815Z",
		"leadDesigner": {
			"firstName": "Lina",
			"lastName": "Mraz"
		},
		"sales": 3238300,
		"genre": "Racing",
		"description": "auxiliary"
	},
	{
		"nombre": "Human",
		"idJuego": 913,
		"desarrollador": "2kGames",
		"fechaLanzamiento": "2015-08-23T15:17:10.588Z",
		"leadDesigner": {
			"firstName": "Rolando",
			"lastName": "Hane"
		},
		"sales": 8562515,
		"genre": "MOBA",
		"description": "Strategist Unbranded relationships"
	},
	{
		"nombre": "bypass bandwidth-monitored Borders",
		"idJuego": 914,
		"desarrollador": "Bungie",
		"fechaLanzamiento": "2005-12-23T13:09:41.555Z",
		"leadDesigner": {
			"firstName": "Janessa",
			"lastName": "Oberbrunner"
		},
		"sales": 27651339,
		"genre": "Sandbox",
		"description": "syndicate Concrete Loan"
	},
	{
		"nombre": "Pa'anga Directives",
		"idJuego": 915,
		"desarrollador": "Infinity Ward",
		"fechaLanzamiento": "1994-12-01T20:15:00.126Z",
		"leadDesigner": {
			"firstName": "Harry",
			"lastName": "Schulist"
		},
		"sales": 7413046,
		"genre": "FPS",
		"description": "Intelligent Way"
	},
	{
		"nombre": "Account Robust",
		"idJuego": 916,
		"desarrollador": "343 Industries",
		"fechaLanzamiento": "2009-11-20T22:01:05.483Z",
		"leadDesigner": {
			"firstName": "Saige",
			"lastName": "Schroeder"
		},
		"sales": 4501317,
		"genre": "MOBA",
		"description": "Industrial Practical compressing"
	},
	{
		"nombre": "PNG fuchsia quantifying",
		"idJuego": 917,
		"desarrollador": "Mojang",
		"fechaLanzamiento": "2015-01-02T12:57:09.808Z",
		"leadDesigner": {
			"firstName": "Flossie",
			"lastName": "Kuphal"
		},
		"sales": 25008724,
		"genre": "Fighting",
		"description": "Future-proofed Trace"
	},
	{
		"nombre": "payment Account process",
		"idJuego": 918,
		"desarrollador": "Infinity Ward",
		"fechaLanzamiento": "2023-06-03T07:04:01.585Z",
		"leadDesigner": {
			"firstName": "Vincenzo",
			"lastName": "Wunsch"
		},
		"sales": 27610716,
		"genre": "Platformer",
		"description": "Delaware payment New"
	},
	{
		"nombre": "Lek Division Infrastructure",
		"idJuego": 919,
		"desarrollador": "Infinity Ward",
		"fechaLanzamiento": "2012-02-07T11:01:51.733Z",
		"leadDesigner": {
			"firstName": "Reanna",
			"lastName": "Farrell"
		},
		"sales": 20848802,
		"genre": "Racing",
		"description": "hacking China systems"
	},
	{
		"nombre": "copy interface",
		"idJuego": 920,
		"desarrollador": "343 Industries",
		"fechaLanzamiento": "2024-06-14T22:39:03.857Z",
		"leadDesigner": {
			"firstName": "Braeden",
			"lastName": "Corkery"
		},
		"sales": 17358441,
		"genre": "Sandbox",
		"description": "deposit Function-based"
	},
	{
		"nombre": "Future",
		"idJuego": 921,
		"desarrollador": "2kGames",
		"fechaLanzamiento": "1998-05-30T05:28:49.415Z",
		"leadDesigner": {
			"firstName": "Cleveland",
			"lastName": "Hoppe"
		},
		"sales": 16704581,
		"genre": "Racing",
		"description": "Cheese"
	},
	{
		"nombre": "Ergonomic Intelligent Principal",
		"idJuego": 922,
		"desarrollador": "Ubisoft",
		"fechaLanzamiento": "1999-12-29T06:44:19.472Z",
		"leadDesigner": {
			"firstName": "Maximilian",
			"lastName": "Braun"
		},
		"sales": 5403742,
		"genre": "MOBA",
		"description": "Malaysian pixel"
	},
	{
		"nombre": "Garden Incredible",
		"idJuego": 923,
		"desarrollador": "Bungie",
		"fechaLanzamiento": "2023-11-26T10:10:39.825Z",
		"leadDesigner": {
			"firstName": "Cecelia",
			"lastName": "Kunze"
		},
		"sales": 19409736,
		"genre": "Racing",
		"description": "innovative"
	},
	{
		"nombre": "Seychelles",
		"idJuego": 924,
		"desarrollador": "2kGames",
		"fechaLanzamiento": "2007-05-16T05:06:55.296Z",
		"leadDesigner": {
			"firstName": "Gerda",
			"lastName": "Bahringer"
		},
		"sales": 25546126,
		"genre": "Fighting",
		"description": "District Granite auxiliary"
	},
	{
		"nombre": "enable",
		"idJuego": 925,
		"desarrollador": "Telltale",
		"fechaLanzamiento": "2020-07-12T23:00:40.328Z",
		"leadDesigner": {
			"firstName": "Woodrow",
			"lastName": "Hegmann"
		},
		"sales": 15946642,
		"genre": "Fighting",
		"description": "Dollar Nebraska"
	},
	{
		"nombre": "Alabama Tugrik",
		"idJuego": 926,
		"desarrollador": "Bungie",
		"fechaLanzamiento": "1991-09-21T07:32:26.730Z",
		"leadDesigner": {
			"firstName": "Weldon",
			"lastName": "Strosin"
		},
		"sales": 28111496,
		"genre": "Platformer",
		"description": "Tuna Versatile"
	},
	{
		"nombre": "Frozen Intelligent SMS",
		"idJuego": 927,
		"desarrollador": "Mojang",
		"fechaLanzamiento": "1999-04-06T02:02:24.934Z",
		"leadDesigner": {
			"firstName": "Therese",
			"lastName": "Yundt"
		},
		"sales": 6525793,
		"genre": "RPG",
		"description": "Manager copying"
	},
	{
		"nombre": "auxiliary incentivize Trafficway",
		"idJuego": 928,
		"desarrollador": "Ubisoft",
		"fechaLanzamiento": "2004-09-12T12:38:20.063Z",
		"leadDesigner": {
			"firstName": "Timothy",
			"lastName": "Wilkinson"
		},
		"sales": 30482196,
		"genre": "FPS",
		"description": "Crossing"
	},
	{
		"nombre": "indexing digital",
		"idJuego": 929,
		"desarrollador": "Telltale",
		"fechaLanzamiento": "2016-10-09T00:31:03.954Z",
		"leadDesigner": {
			"firstName": "Brionna",
			"lastName": "O'Conner"
		},
		"sales": 21664764,
		"genre": "Platformer",
		"description": "Handmade Soap actuating"
	},
	{
		"nombre": "harness Vista Dollar",
		"idJuego": 930,
		"desarrollador": "2kGames",
		"fechaLanzamiento": "2015-10-17T14:23:46.467Z",
		"leadDesigner": {
			"firstName": "Valentin",
			"lastName": "Price"
		},
		"sales": 11981832,
		"genre": "Adventure",
		"description": "Litas Tajikistan FTP"
	},
	{
		"nombre": "Island parsing multi-byte",
		"idJuego": 931,
		"desarrollador": "Skybound",
		"fechaLanzamiento": "2009-07-16T15:43:56.854Z",
		"leadDesigner": {
			"firstName": "Green",
			"lastName": "Wolf"
		},
		"sales": 16705674,
		"genre": "Platformer",
		"description": "Technician"
	},
	{
		"nombre": "Marks",
		"idJuego": 932,
		"desarrollador": "Mojang",
		"fechaLanzamiento": "2002-07-20T18:40:08.688Z",
		"leadDesigner": {
			"firstName": "Adam",
			"lastName": "Reinger"
		},
		"sales": 7261021,
		"genre": "Racing",
		"description": "capability"
	},
	{
		"nombre": "plug-and-play Borders",
		"idJuego": 933,
		"desarrollador": "2kGames",
		"fechaLanzamiento": "2011-09-18T09:55:30.747Z",
		"leadDesigner": {
			"firstName": "Marcelle",
			"lastName": "Mertz"
		},
		"sales": 23931211,
		"genre": "FPS",
		"description": "Pants"
	},
	{
		"nombre": "mobile Communications",
		"idJuego": 934,
		"desarrollador": "Skybound",
		"fechaLanzamiento": "2023-08-10T23:14:48.480Z",
		"leadDesigner": {
			"firstName": "Demario",
			"lastName": "Schaefer"
		},
		"sales": 10166033,
		"genre": "Racing",
		"description": "purple invoice"
	},
	{
		"nombre": "feed Table",
		"idJuego": 935,
		"desarrollador": "Infinity Ward",
		"fechaLanzamiento": "1987-09-28T15:32:23.190Z",
		"leadDesigner": {
			"firstName": "Nicole",
			"lastName": "Schulist"
		},
		"sales": 4716606,
		"genre": "Racing",
		"description": "calculate pink back-end"
	},
	{
		"nombre": "zero communities",
		"idJuego": 936,
		"desarrollador": "2kGames",
		"fechaLanzamiento": "2019-02-09T08:35:12.010Z",
		"leadDesigner": {
			"firstName": "Jerrold",
			"lastName": "Okuneva"
		},
		"sales": 5151013,
		"genre": "Sandbox",
		"description": "Automotive"
	},
	{
		"nombre": "monetize",
		"idJuego": 937,
		"desarrollador": "Mojang",
		"fechaLanzamiento": "2003-06-18T12:03:39.109Z",
		"leadDesigner": {
			"firstName": "Alberta",
			"lastName": "Bailey"
		},
		"sales": 20754109,
		"genre": "Fighting",
		"description": "olive"
	},
	{
		"nombre": "driver azure Grocery",
		"idJuego": 938,
		"desarrollador": "Infinity Ward",
		"fechaLanzamiento": "1999-05-29T10:43:26.819Z",
		"leadDesigner": {
			"firstName": "Kailey",
			"lastName": "O'Kon"
		},
		"sales": 18522371,
		"genre": "Platformer",
		"description": "Ergonomic quantify"
	},
	{
		"nombre": "Rubber Agent",
		"idJuego": 939,
		"desarrollador": "Telltale",
		"fechaLanzamiento": "2019-11-20T21:23:43.871Z",
		"leadDesigner": {
			"firstName": "Marguerite",
			"lastName": "Kautzer"
		},
		"sales": 11418226,
		"genre": "Platformer",
		"description": "superstructure"
	},
	{
		"nombre": "Arkansas Cotton JSON",
		"idJuego": 940,
		"desarrollador": "Skybound",
		"fechaLanzamiento": "2007-06-20T00:05:49.616Z",
		"leadDesigner": {
			"firstName": "Marcos",
			"lastName": "Von"
		},
		"sales": 9941144,
		"genre": "FPS",
		"description": "engineer Wooden French"
	},
	{
		"nombre": "Wooden",
		"idJuego": 941,
		"desarrollador": "343 Industries",
		"fechaLanzamiento": "1994-08-02T20:32:33.241Z",
		"leadDesigner": {
			"firstName": "Tyreek",
			"lastName": "Streich"
		},
		"sales": 20980175,
		"genre": "MOBA",
		"description": "deposit Plastic"
	},
	{
		"nombre": "application",
		"idJuego": 942,
		"desarrollador": "Bungie",
		"fechaLanzamiento": "1997-07-23T13:30:10.587Z",
		"leadDesigner": {
			"firstName": "Marlon",
			"lastName": "Kiehn"
		},
		"sales": 5983262,
		"genre": "Sandbox",
		"description": "Ball"
	},
	{
		"nombre": "Dynamic South maroon",
		"idJuego": 943,
		"desarrollador": "Mojang",
		"fechaLanzamiento": "1995-11-12T12:28:26.590Z",
		"leadDesigner": {
			"firstName": "Bernadette",
			"lastName": "Denesik"
		},
		"sales": 21683164,
		"genre": "Sandbox",
		"description": "New empower"
	},
	{
		"nombre": "impactful SAS",
		"idJuego": 944,
		"desarrollador": "Skybound",
		"fechaLanzamiento": "2011-02-16T11:16:55.475Z",
		"leadDesigner": {
			"firstName": "Mozelle",
			"lastName": "Bradtke"
		},
		"sales": 23237803,
		"genre": "Racing",
		"description": "Frozen Wall Account"
	},
	{
		"nombre": "hack time-frame Rustic",
		"idJuego": 945,
		"desarrollador": "Mojang",
		"fechaLanzamiento": "1991-08-25T09:18:46.754Z",
		"leadDesigner": {
			"firstName": "Nellie",
			"lastName": "Keeling"
		},
		"sales": 4525927,
		"genre": "Sandbox",
		"description": "compress"
	},
	{
		"nombre": "application utilize Principal",
		"idJuego": 946,
		"desarrollador": "343 Industries",
		"fechaLanzamiento": "1986-11-12T12:25:29.601Z",
		"leadDesigner": {
			"firstName": "Mabel",
			"lastName": "Hane"
		},
		"sales": 8363454,
		"genre": "Fighting",
		"description": "Hills"
	},
	{
		"nombre": "Bedfordshire Directives Buckinghamshire",
		"idJuego": 947,
		"desarrollador": "Ubisoft",
		"fechaLanzamiento": "1995-04-10T21:21:43.209Z",
		"leadDesigner": {
			"firstName": "Kurtis",
			"lastName": "Herzog"
		},
		"sales": 1163779,
		"genre": "Platformer",
		"description": "Investor platforms"
	},
	{
		"nombre": "Licensed Dinar models",
		"idJuego": 948,
		"desarrollador": "Ubisoft",
		"fechaLanzamiento": "1990-04-20T21:07:25.755Z",
		"leadDesigner": {
			"firstName": "Athena",
			"lastName": "Schultz"
		},
		"sales": 18245534,
		"genre": "FPS",
		"description": "methodologies"
	},
	{
		"nombre": "synthesize Multi-channelled",
		"idJuego": 949,
		"desarrollador": "343 Industries",
		"fechaLanzamiento": "1996-06-16T04:08:37.233Z",
		"leadDesigner": {
			"firstName": "Jackie",
			"lastName": "Johns"
		},
		"sales": 20071615,
		"genre": "RPG",
		"description": "Integration portals Security"
	},
	{
		"nombre": "connect lavender",
		"idJuego": 950,
		"desarrollador": "2kGames",
		"fechaLanzamiento": "1992-05-10T23:16:13.841Z",
		"leadDesigner": {
			"firstName": "Jamaal",
			"lastName": "Donnelly"
		},
		"sales": 24727019,
		"genre": "MOBA",
		"description": "calculating"
	},
	{
		"nombre": "payment RAM Mobility",
		"idJuego": 951,
		"desarrollador": "343 Industries",
		"fechaLanzamiento": "2014-08-22T18:48:34.162Z",
		"leadDesigner": {
			"firstName": "Mohamed",
			"lastName": "Kris"
		},
		"sales": 22616747,
		"genre": "FPS",
		"description": "portals XML"
	},
	{
		"nombre": "Bike enterprise",
		"idJuego": 952,
		"desarrollador": "2kGames",
		"fechaLanzamiento": "2019-06-22T04:19:21.786Z",
		"leadDesigner": {
			"firstName": "Chauncey",
			"lastName": "Jaskolski"
		},
		"sales": 27971789,
		"genre": "RPG",
		"description": "Phased Future bus"
	},
	{
		"nombre": "plum Gloves index",
		"idJuego": 953,
		"desarrollador": "2kGames",
		"fechaLanzamiento": "2011-05-11T00:03:01.782Z",
		"leadDesigner": {
			"firstName": "Verona",
			"lastName": "McKenzie"
		},
		"sales": 25975060,
		"genre": "RPG",
		"description": "Course"
	},
	{
		"nombre": "Awesome",
		"idJuego": 954,
		"desarrollador": "343 Industries",
		"fechaLanzamiento": "2011-01-28T01:53:25.086Z",
		"leadDesigner": {
			"firstName": "Granville",
			"lastName": "Cummings"
		},
		"sales": 6879310,
		"genre": "RPG",
		"description": "Money Incredible"
	},
	{
		"nombre": "Automotive firewall",
		"idJuego": 955,
		"desarrollador": "Bungie",
		"fechaLanzamiento": "2009-11-15T08:34:13.790Z",
		"leadDesigner": {
			"firstName": "Marisol",
			"lastName": "Kutch"
		},
		"sales": 10064527,
		"genre": "Adventure",
		"description": "Corporate Branding"
	},
	{
		"nombre": "utilize",
		"idJuego": 956,
		"desarrollador": "2kGames",
		"fechaLanzamiento": "2019-08-10T14:52:20.673Z",
		"leadDesigner": {
			"firstName": "Reymundo",
			"lastName": "Konopelski"
		},
		"sales": 20909987,
		"genre": "Sandbox",
		"description": "payment synthesize"
	},
	{
		"nombre": "East Peso",
		"idJuego": 957,
		"desarrollador": "Bungie",
		"fechaLanzamiento": "2015-05-31T16:38:41.441Z",
		"leadDesigner": {
			"firstName": "Saige",
			"lastName": "Bode"
		},
		"sales": 8092195,
		"genre": "Racing",
		"description": "state human-resource"
	},
	{
		"nombre": "Towels",
		"idJuego": 958,
		"desarrollador": "Bungie",
		"fechaLanzamiento": "2018-05-02T06:15:50.529Z",
		"leadDesigner": {
			"firstName": "Camilla",
			"lastName": "Hayes"
		},
		"sales": 6874891,
		"genre": "Racing",
		"description": "overriding strategic"
	},
	{
		"nombre": "Quetzal withdrawal",
		"idJuego": 959,
		"desarrollador": "Telltale",
		"fechaLanzamiento": "1988-03-18T13:05:36.405Z",
		"leadDesigner": {
			"firstName": "Marlee",
			"lastName": "Graham"
		},
		"sales": 7953785,
		"genre": "Adventure",
		"description": "Lats"
	},
	{
		"nombre": "Multi-lateral cross-platform Unbranded",
		"idJuego": 960,
		"desarrollador": "Ubisoft",
		"fechaLanzamiento": "2021-01-06T12:35:54.852Z",
		"leadDesigner": {
			"firstName": "Zoe",
			"lastName": "Hartmann"
		},
		"sales": 21346530,
		"genre": "RPG",
		"description": "Granite revolutionize"
	},
	{
		"nombre": "Incredible Practical",
		"idJuego": 961,
		"desarrollador": "Infinity Ward",
		"fechaLanzamiento": "2003-04-16T21:36:02.754Z",
		"leadDesigner": {
			"firstName": "Dorothea",
			"lastName": "Hane"
		},
		"sales": 20636021,
		"genre": "Adventure",
		"description": "networks leverage"
	},
	{
		"nombre": "bypass real-time users",
		"idJuego": 962,
		"desarrollador": "2kGames",
		"fechaLanzamiento": "2007-04-17T23:03:25.548Z",
		"leadDesigner": {
			"firstName": "Maurine",
			"lastName": "Stracke"
		},
		"sales": 1661450,
		"genre": "Racing",
		"description": "Massachusetts"
	},
	{
		"nombre": "Tasty",
		"idJuego": 963,
		"desarrollador": "2kGames",
		"fechaLanzamiento": "2023-06-17T16:25:28.975Z",
		"leadDesigner": {
			"firstName": "Gunner",
			"lastName": "Hilll"
		},
		"sales": 13250338,
		"genre": "RPG",
		"description": "Pizza intermediate"
	},
	{
		"nombre": "Chicken Account Computer",
		"idJuego": 964,
		"desarrollador": "Infinity Ward",
		"fechaLanzamiento": "2001-12-08T06:48:30.260Z",
		"leadDesigner": {
			"firstName": "Kareem",
			"lastName": "Nitzsche"
		},
		"sales": 7963327,
		"genre": "Platformer",
		"description": "Front-line analyzing deposit"
	},
	{
		"nombre": "asymmetric Card",
		"idJuego": 965,
		"desarrollador": "343 Industries",
		"fechaLanzamiento": "1988-09-22T16:57:49.161Z",
		"leadDesigner": {
			"firstName": "Toy",
			"lastName": "Cartwright"
		},
		"sales": 11986419,
		"genre": "Adventure",
		"description": "transition visionary payment"
	},
	{
		"nombre": "moratorium",
		"idJuego": 966,
		"desarrollador": "Skybound",
		"fechaLanzamiento": "1987-08-12T03:20:10.789Z",
		"leadDesigner": {
			"firstName": "Leda",
			"lastName": "McClure"
		},
		"sales": 6038700,
		"genre": "Platformer",
		"description": "synthesizing Cotton"
	},
	{
		"nombre": "Facilitator deposit Cheese",
		"idJuego": 967,
		"desarrollador": "2kGames",
		"fechaLanzamiento": "2022-11-15T16:38:07.812Z",
		"leadDesigner": {
			"firstName": "Ella",
			"lastName": "Waelchi"
		},
		"sales": 28248376,
		"genre": "MOBA",
		"description": "sensor auxiliary Legacy"
	},
	{
		"nombre": "Sleek Arkansas payment",
		"idJuego": 968,
		"desarrollador": "Infinity Ward",
		"fechaLanzamiento": "1993-03-29T00:45:03.254Z",
		"leadDesigner": {
			"firstName": "Valentina",
			"lastName": "Hansen"
		},
		"sales": 29305060,
		"genre": "Sandbox",
		"description": "auxiliary Bedfordshire"
	},
	{
		"nombre": "Uzbekistan redundant Frozen",
		"idJuego": 969,
		"desarrollador": "Ubisoft",
		"fechaLanzamiento": "2014-03-26T15:47:54.282Z",
		"leadDesigner": {
			"firstName": "Miller",
			"lastName": "Kertzmann"
		},
		"sales": 29388037,
		"genre": "Platformer",
		"description": "Loan array"
	},
	{
		"nombre": "Account Specialist",
		"idJuego": 970,
		"desarrollador": "Mojang",
		"fechaLanzamiento": "2014-10-15T22:23:05.932Z",
		"leadDesigner": {
			"firstName": "Jovanny",
			"lastName": "Ullrich"
		},
		"sales": 11437929,
		"genre": "MOBA",
		"description": "Home"
	},
	{
		"nombre": "Games Awesome Credit",
		"idJuego": 971,
		"desarrollador": "2kGames",
		"fechaLanzamiento": "1991-05-15T16:05:29.975Z",
		"leadDesigner": {
			"firstName": "Arturo",
			"lastName": "Sporer"
		},
		"sales": 19311830,
		"genre": "Racing",
		"description": "Chips"
	},
	{
		"nombre": "York",
		"idJuego": 972,
		"desarrollador": "Mojang",
		"fechaLanzamiento": "2001-08-20T00:07:10.740Z",
		"leadDesigner": {
			"firstName": "Morris",
			"lastName": "McClure"
		},
		"sales": 1066343,
		"genre": "Fighting",
		"description": "orchestrate"
	},
	{
		"nombre": "Parks",
		"idJuego": 973,
		"desarrollador": "Infinity Ward",
		"fechaLanzamiento": "2002-07-27T04:37:47.829Z",
		"leadDesigner": {
			"firstName": "Wilfredo",
			"lastName": "Wunsch"
		},
		"sales": 9986007,
		"genre": "RPG",
		"description": "Rubber Won"
	},
	{
		"nombre": "Helena invoice",
		"idJuego": 974,
		"desarrollador": "2kGames",
		"fechaLanzamiento": "2004-06-06T23:59:14.312Z",
		"leadDesigner": {
			"firstName": "Antonio",
			"lastName": "Pacocha"
		},
		"sales": 24473225,
		"genre": "MOBA",
		"description": "Alabama transition Tennessee"
	},
	{
		"nombre": "Synergistic Home FTP",
		"idJuego": 975,
		"desarrollador": "Ubisoft",
		"fechaLanzamiento": "1986-05-02T05:00:55.879Z",
		"leadDesigner": {
			"firstName": "Darrin",
			"lastName": "Heller"
		},
		"sales": 20374317,
		"genre": "RPG",
		"description": "intuitive neural bypassing"
	},
	{
		"nombre": "Borders Dominica",
		"idJuego": 976,
		"desarrollador": "343 Industries",
		"fechaLanzamiento": "2021-03-01T04:45:42.194Z",
		"leadDesigner": {
			"firstName": "Vernon",
			"lastName": "Klocko"
		},
		"sales": 13194857,
		"genre": "MOBA",
		"description": "National group"
	},
	{
		"nombre": "web-enabled",
		"idJuego": 977,
		"desarrollador": "Ubisoft",
		"fechaLanzamiento": "2023-11-24T14:43:52.419Z",
		"leadDesigner": {
			"firstName": "Phyllis",
			"lastName": "Rau"
		},
		"sales": 30173056,
		"genre": "Adventure",
		"description": "throughput"
	},
	{
		"nombre": "index",
		"idJuego": 978,
		"desarrollador": "Skybound",
		"fechaLanzamiento": "1994-08-04T12:59:15.394Z",
		"leadDesigner": {
			"firstName": "Pink",
			"lastName": "Olson"
		},
		"sales": 28798276,
		"genre": "Platformer",
		"description": "Fort firewall"
	},
	{
		"nombre": "disintermediate strategic",
		"idJuego": 979,
		"desarrollador": "Ubisoft",
		"fechaLanzamiento": "2005-07-26T17:39:18.630Z",
		"leadDesigner": {
			"firstName": "Stefan",
			"lastName": "Halvorson"
		},
		"sales": 12212456,
		"genre": "Platformer",
		"description": "Multi-layered Pants Southern"
	},
	{
		"nombre": "Concrete override",
		"idJuego": 980,
		"desarrollador": "Telltale",
		"fechaLanzamiento": "1988-02-05T01:32:26.674Z",
		"leadDesigner": {
			"firstName": "Angelita",
			"lastName": "Abbott"
		},
		"sales": 25969037,
		"genre": "FPS",
		"description": "Computers e-business Automotive"
	},
	{
		"nombre": "Iceland Grenada USB",
		"idJuego": 981,
		"desarrollador": "Skybound",
		"fechaLanzamiento": "2005-04-08T01:16:08.236Z",
		"leadDesigner": {
			"firstName": "Stan",
			"lastName": "Herzog"
		},
		"sales": 19357310,
		"genre": "FPS",
		"description": "UAE incentivize killer"
	},
	{
		"nombre": "Implementation",
		"idJuego": 982,
		"desarrollador": "Mojang",
		"fechaLanzamiento": "2008-12-15T14:00:31.431Z",
		"leadDesigner": {
			"firstName": "Alysa",
			"lastName": "Hammes"
		},
		"sales": 5361995,
		"genre": "Sandbox",
		"description": "Bike turquoise Borders"
	},
	{
		"nombre": "calculate",
		"idJuego": 983,
		"desarrollador": "2kGames",
		"fechaLanzamiento": "2000-03-25T12:54:09.646Z",
		"leadDesigner": {
			"firstName": "Emmanuel",
			"lastName": "Turcotte"
		},
		"sales": 9968947,
		"genre": "Platformer",
		"description": "Utah Fantastic"
	},
	{
		"nombre": "primary Concrete Small",
		"idJuego": 984,
		"desarrollador": "343 Industries",
		"fechaLanzamiento": "2013-10-27T12:12:12.874Z",
		"leadDesigner": {
			"firstName": "Cierra",
			"lastName": "Brown"
		},
		"sales": 22132261,
		"genre": "RPG",
		"description": "deposit"
	},
	{
		"nombre": "Rhode functionalities",
		"idJuego": 985,
		"desarrollador": "Bungie",
		"fechaLanzamiento": "1990-03-05T12:58:26.592Z",
		"leadDesigner": {
			"firstName": "Hattie",
			"lastName": "Schinner"
		},
		"sales": 21550411,
		"genre": "MOBA",
		"description": "withdrawal Trace"
	},
	{
		"nombre": "Cape",
		"idJuego": 986,
		"desarrollador": "Ubisoft",
		"fechaLanzamiento": "1992-11-19T02:16:25.711Z",
		"leadDesigner": {
			"firstName": "Nikko",
			"lastName": "Champlin"
		},
		"sales": 28991093,
		"genre": "Racing",
		"description": "mobile systems Producer"
	},
	{
		"nombre": "Iran parsing",
		"idJuego": 987,
		"desarrollador": "Infinity Ward",
		"fechaLanzamiento": "2012-11-04T03:42:05.502Z",
		"leadDesigner": {
			"firstName": "Gerson",
			"lastName": "Ebert"
		},
		"sales": 18587736,
		"genre": "Racing",
		"description": "Berkshire time-frame"
	},
	{
		"nombre": "Sleek",
		"idJuego": 988,
		"desarrollador": "Infinity Ward",
		"fechaLanzamiento": "2016-04-04T02:22:52.692Z",
		"leadDesigner": {
			"firstName": "Vincent",
			"lastName": "Buckridge"
		},
		"sales": 11715726,
		"genre": "Sandbox",
		"description": "neural optical"
	},
	{
		"nombre": "plum Checking",
		"idJuego": 989,
		"desarrollador": "Telltale",
		"fechaLanzamiento": "1999-10-21T12:22:10.404Z",
		"leadDesigner": {
			"firstName": "Carlotta",
			"lastName": "Kunde"
		},
		"sales": 27971389,
		"genre": "Sandbox",
		"description": "Refined Handmade whiteboard"
	},
	{
		"nombre": "up virtual",
		"idJuego": 990,
		"desarrollador": "Bungie",
		"fechaLanzamiento": "2011-02-12T07:09:49.877Z",
		"leadDesigner": {
			"firstName": "Wendy",
			"lastName": "Frami"
		},
		"sales": 16932287,
		"genre": "RPG",
		"description": "open-source Washington"
	},
	{
		"nombre": "complexity Loan generation",
		"idJuego": 991,
		"desarrollador": "Infinity Ward",
		"fechaLanzamiento": "1994-09-30T02:38:58.255Z",
		"leadDesigner": {
			"firstName": "Keely",
			"lastName": "Feil"
		},
		"sales": 18770496,
		"genre": "RPG",
		"description": "utilize auxiliary Borders"
	},
	{
		"nombre": "Customer",
		"idJuego": 992,
		"desarrollador": "Telltale",
		"fechaLanzamiento": "2013-05-19T20:44:08.783Z",
		"leadDesigner": {
			"firstName": "Ford",
			"lastName": "Nienow"
		},
		"sales": 2190257,
		"genre": "Platformer",
		"description": "Illinois Hat azure"
	},
	{
		"nombre": "hybrid",
		"idJuego": 993,
		"desarrollador": "Telltale",
		"fechaLanzamiento": "1997-11-17T18:39:04.392Z",
		"leadDesigner": {
			"firstName": "Osbaldo",
			"lastName": "Legros"
		},
		"sales": 13268131,
		"genre": "Platformer",
		"description": "Idaho"
	},
	{
		"nombre": "Communications Vietnam Electronics",
		"idJuego": 994,
		"desarrollador": "343 Industries",
		"fechaLanzamiento": "2002-04-21T14:22:11.979Z",
		"leadDesigner": {
			"firstName": "Anthony",
			"lastName": "Wiegand"
		},
		"sales": 13460543,
		"genre": "Racing",
		"description": "navigate Concrete Mouse"
	},
	{
		"nombre": "protocol",
		"idJuego": 995,
		"desarrollador": "2kGames",
		"fechaLanzamiento": "2016-11-22T22:00:46.460Z",
		"leadDesigner": {
			"firstName": "Cyril",
			"lastName": "Beatty"
		},
		"sales": 24015313,
		"genre": "Adventure",
		"description": "transmitter Consultant Peso"
	},
	{
		"nombre": "calculating strategize Awesome",
		"idJuego": 996,
		"desarrollador": "343 Industries",
		"fechaLanzamiento": "2016-03-09T13:38:35.289Z",
		"leadDesigner": {
			"firstName": "Josue",
			"lastName": "Toy"
		},
		"sales": 26934010,
		"genre": "Sandbox",
		"description": "B2C"
	},
	{
		"nombre": "grey Ergonomic Mexico",
		"idJuego": 997,
		"desarrollador": "343 Industries",
		"fechaLanzamiento": "2009-08-22T13:47:14.958Z",
		"leadDesigner": {
			"firstName": "Casper",
			"lastName": "Krajcik"
		},
		"sales": 22916459,
		"genre": "RPG",
		"description": "Loan productize Idaho"
	},
	{
		"nombre": "Accounts Fiji",
		"idJuego": 998,
		"desarrollador": "2kGames",
		"fechaLanzamiento": "2016-06-09T20:06:32.316Z",
		"leadDesigner": {
			"firstName": "Myriam",
			"lastName": "Macejkovic"
		},
		"sales": 1155063,
		"genre": "Racing",
		"description": "Monitored"
	},
	{
		"nombre": "Checking solid Metal",
		"idJuego": 999,
		"desarrollador": "Telltale",
		"fechaLanzamiento": "2000-03-02T06:11:31.660Z",
		"leadDesigner": {
			"firstName": "Jeff",
			"lastName": "Torphy"
		},
		"sales": 7890776,
		"genre": "Adventure",
		"description": "Virgin Customer"
	},
	{
		"nombre": "calculating Handmade",
		"idJuego": 1000,
		"desarrollador": "343 Industries",
		"fechaLanzamiento": "2008-06-29T20:25:00.041Z",
		"leadDesigner": {
			"firstName": "Noe",
			"lastName": "Walker"
		},
		"sales": 26714370,
		"genre": "Racing",
		"description": "Account"
	}
]